symbol,fiscaldate_end,reported_currency,gross_profit,total_revenue,costof_revenue,costof_goodservices_sold,operating_income,selling_gen_admin,research_dev,operating_expenses,investment_income_net,netInterestIncome,interest_income,interest_expense,noninterest_income,othernon_operatingincome,depreciation,dpr_and_amort,income_beforetax,incometax_expense,interest_debt_expense,netincome_cont_operations,comprehensive_income_netoftax,ebit,ebitda,netincome
AAAP,2015-09-30,USD,0.0,27592000.0,25221000.0,25221000.0,0.0,0.0,458000.0,0.0,0,0,0,420000.0,0,0,0,0,0.0,327000.0,0,0.0,0,0.0,0,0.0
AAC,2014-09-30,USD,36599000.0,36599000.0,30826000.0,30826000.0,4564000.0,28646000.0,0.0,32153000.0,0,0,0,845000.0,0,-65000,0,0,3536000.0,1511000.0,0,2025000.0,0,4381000.0,0,2458000.0
ACAMU,2019-03-31,USD,0.0,0.0,0.0,0.0,-119100.0,0.0,0.0,119100.0,0,651492,651492,0.0,0,0,0,0,532390.0,126230.0,0,406165.0,0,-119100.0,0,406170.0
ACIA,2016-03-31,USD,35406000.0,84489000.0,49083000.0,47417000.0,15938000.0,4054000.0,15414000.0,19468000.0,0,0,0,0.0,0,-20000,1666000,0,16175000.0,1577000.0,0,0.0,14598000,15938000.0,0,14598000.0
ACIU,2016-09-30,USD,-63363000.0,1587000.0,9788000.0,9788000.0,-50937000.0,0.0,8052000.0,6409000.0,0,0,0,97000.0,0,0,0,0,-13362000.0,0.0,0,0.0,0,-62076000.0,0,-54464000.0
ACI,2020-06-20,USD,6771500000.0,22751600000.0,15980100000.0,0.0,971800000.0,5769400000.0,0.0,5769400000.0,0,-180600000,0,0.0,22751600000,-3100000,0,0,788100000.0,201900000.0,0,586200000.0,587900000,971800000.0,0,586200000.0
ACLI,2005-09-30,USD,0.0,167297000.0,133470000.0,133470000.0,11149000.0,11393000.0,0.0,0.0,0,0,0,7869000.0,0,0,0,0,3376000.0,2047000.0,0,0.0,0,0.0,0,3506000.0
ACMR,2017-09-30,USD,2199000.0,4891000.0,2692000.0,2692000.0,-1310000.0,2300000.0,1209000.0,3509000.0,0,0,0,33000.0,0,-217000,55000,65000,-1233000.0,-278000.0,0,-1045000.0,-817000,-1310000.0,-1245000,-955000.0
ACOM,2009-09-30,USD,0.0,56987000.0,8660000.0,8660000.0,10202000.0,31311000.0,9142000.0,0.0,0,0,0,1428000.0,0,0,0,0,6526000.0,2485000.0,0,0.0,0,0.0,0,4041000.0
ADHD,2013-06-30,USD,0.0,0.0,0.0,0.0,0.0,1194000.0,321000.0,0.0,0,0,0,0.0,0,0,0,0,0.0,0.0,0,0.0,0,0.0,0,0.0
ADIL,2018-06-30,USD,0.0,0.0,0.0,0.0,-1741467.0,1664572.0,76895.0,1741467.0,0,0,0,50889.0,0,0,0,0,-1792356.0,0.0,0,-1792356.0,0,-1741467.0,0,-1792356.0
ADNC,2012-03-31,USD,0.0,31108000.0,13135000.0,13135000.0,4497000.0,13192000.0,5668000.0,0.0,0,0,0,0.0,0,0,0,0,4292000.0,123000.0,0,0.0,0,0.0,0,4169000.0
ADSW,2016-09-30,USD,325400000.0,325400000.0,217000000.0,217000000.0,39600000.0,35600000.0,0.0,321000000.0,0,-34100000,0,34100000.0,-1100000,500000,0,64000000,6000000.0,2200000.0,34100000,3700000.0,3700000,40100000.0,104100000,3800000.0
AFCO,2015-09-30,USD,0.0,1960000.0,1725000.0,1725000.0,235000.0,0.0,0.0,0.0,0,0,0,189000.0,0,0,0,0,46000.0,0.0,0,0.0,0,0.0,0,0.0
AFYA,2019-06-30,BRL,96210000.0,178493000.0,82283000.0,82283000.0,37202000.0,59584000.0,0.0,59008000.0,0,-16755000,1410000,15721000.0,0,0,0,0,23051000.0,1725000.0,0,21326000.0,0,28287000.0,0,16317000.0
AGAM,2009-09-30,USD,0.0,50159000.0,5214000.0,5214000.0,4613000.0,33869000.0,8428000.0,0.0,0,0,0,3994000.0,0,0,0,0,1308000.0,0.0,0,0.0,0,0.0,0,2187000.0
AGS,2017-12-31,USD,42192000.0,57661000.0,15469000.0,15469000.0,861000.0,-27368000.0,7803000.0,-57917000.0,28000,-13131000,0,13131000.0,-903000,-1867000,7300000,10700000,-15012000.0,-6492000.0,14034000,-8520000.0,-8484000,861000.0,11561000,-8520000.0
AHPAU,2016-09-30,USD,0.0,0.0,0.0,0.0,0.0,0.0,0.0,0.0,0,0,0,0.0,0,0,0,0,0.0,0.0,0,0.0,0,0.0,0,-30542.0
AIHS,2018-03-31,USD,620180.0,2432370.0,1812190.0,1812190.0,-700460.08,753450.0,0.0,753450.0,0,0,0,-258.33,0,0,0,0,-10761264.61,0.0,0,-10761264.61,0,-1678691.0,0,-10761264.61
AIH,2019-09-30,CNY,164348000.0,237892000.0,73544000.0,73544000.0,7493000.0,156855000.0,0.0,230399000.0,0,-6222000,115308000,6222000.0,0,0,0,0,123314000.0,4551000.0,0,118763000.0,0,129536000.0,0,115674000.0
AIMT,2015-06-30,USD,0.0,0.0,0.0,0.0,-7377000.0,4246000.0,3131000.0,-7377000.0,0,0,0,0.0,0,1000,0,0,-7376000.0,0.0,0,-7376000.0,0,-7376000.0,0,-7376000.0
AIRG,2016-06-30,USD,4546761.0,9856317.0,5309556.0,5309556.0,974048.0,2230310.0,1342403.0,3572713.0,0,0,0,47295.0,0,334161,118911,0,1308209.0,-3000.0,0,1311209.0,0,974048.0,0,1311209.0
AKAO,2014-03-31,USD,0.0,5988000.0,9134000.0,9134000.0,-3234000.0,0.0,6605000.0,0.0,0,0,0,180000.0,0,0,0,0,0.0,0.0,0,0.0,0,0.0,0,-3455000.0
AKCA,2017-06-30,USD,14128000.0,14128000.0,25345000.0,25345000.0,-11274000.0,6915000.0,18487000.0,25402000.0,0,0,0,965000.0,0,295000,0,0,-11944000.0,0.0,0,-11944000.0,0,-10979000.0,0,-11944000.0
AKRO,2019-06-30,USD,0.0,0.0,0.0,0.0,-7609000.0,1649000.0,5960000.0,7609000.0,0,0,0,0.0,0,0,0,0,-7228000.0,0.0,0,-7228000.0,0,-7609000.0,0,-7228000.0
AKUS,2020-06-30,USD,0.0,0.0,0.0,0.0,-12601000.0,2664000.0,9937000.0,12601000.0,0,80000,80000,0.0,0,0,0,0,-12523000.0,0.0,0,-12523000.0,0,-12072000.0,0,-12523000.0
ALDW,2012-12-31,USD,0.0,825626000.0,685724000.0,685724000.0,124119000.0,4737000.0,0.0,0.0,0,0,0,9866000.0,0,0,0,0,114250000.0,1018000.0,0,0.0,0,0.0,0,113232000.0
ALEC,2018-12-31,USD,-14952000.0,9145000.0,24097000.0,24097000.0,-19017000.0,4065000.0,24097000.0,28162000.0,0,0,0,0.0,0,1644000,0,276000,-17373000.0,0.0,0,-17373000.0,-17275000,-19017000.0,-18741000,-17373000.0
ALLK,2018-06-30,USD,0.0,0.0,0.0,0.0,-9524000.0,2375000.0,7149000.0,9524000.0,0,0,0,-292000.0,0,-145000,0,0,-9377000.0,0.0,0,-9377000.0,0,-9669000.0,0,-9377000.0
ALLO,2018-09-30,USD,0.0,0.0,0.0,0.0,-22187000.0,11317000.0,10870000.0,-22187000.0,0,0,0,3358000.0,0,-17952000,0,0,-43497000.0,0.0,0,-43497000.0,0,-40139000.0,0,-43497000.0
ALNA,2017-09-30,USD,0.0,0.0,0.0,0.0,-4362000.0,1413000.0,2949000.0,4362000.0,0,0,0,146000.0,0,-308000,0,0,-4670000.0,0.0,0,-4670000.0,0,-4670000.0,0,-4670000.0
ALTR,2017-09-30,USD,58636000.0,84938000.0,26302000.0,26302000.0,-20928000.0,51520000.0,27590000.0,79564000.0,0,0,0,634000.0,0,-52000,1600000,0,-21614000.0,8012000.0,0,-29626000.0,-29585000,-20928000.0,0,-29626000.0
ALVR,2020-06-30,USD,0.0,0.0,0.0,0.0,-12153000.0,3268000.0,8885000.0,12153000.0,0,166000,166000,0.0,0,0,0,0,-11632000.0,0.0,0,-11632000.0,0,-12134000.0,0,-11632000.0
AMBR,2014-03-31,USD,8743956.0,14989000.0,6245052.0,6245052.0,-21727955.0,29463000.0,2188000.0,30471911.0,0,0,0,113000.0,0,0,0,0,-21840719.0,99000.0,0,-21939731.0,0,-21727955.0,0,-21939731.0
AMCIU,2018-12-31,USD,0.0,0.0,0.0,0.0,-114860.0,0.0,0.0,0.0,0,0,0,0.0,0,0,0,0,424420.0,113000.0,0,0.0,0,963700.0,0,311420.0
AMHCU,2019-12-31,USD,2239600000.0,-2239600000.0,0.0,0.0,-135300.0,-376800000.0,0.0,0.0,0,0,154570,0.0,0,0,0,0,19270.0,16230.0,0,0.0,0,-473800000.0,0,3040.0
AMK,2019-06-30,USD,35774000.0,104483000.0,68709000.0,68709000.0,10557000.0,17604000.0,0.0,93926000.0,0,-4031000,-4031000,4031000.0,0,0,0,7613000,6526000.0,3289000.0,0,3237000.0,3237000,10557000.0,18170000,3237000.0
AMRE,2012-06-30,USD,0.0,9916000.0,6187000.0,6187000.0,3729000.0,0.0,0.0,0.0,0,0,0,2595000.0,0,0,0,0,1363000.0,0.0,0,0.0,0,0.0,0,1446000.0
AMTI,2020-06-30,USD,0.0,0.0,0.0,0.0,-15323000.0,2487000.0,12836000.0,15323000.0,0,48000,48000,0.0,0,0,0,0,-15379000.0,0.0,0,-15379000.0,0,-14958000.0,0,-15379000.0
ANNX,2020-06-30,USD,0.0,0.0,0.0,0.0,-12237000.0,2950000.0,9287000.0,12237000.0,0,0,0,0.0,0,0,0,0,-12236000.0,4000.0,0,-12240000.0,0,-12106000.0,0,-12240000.0
ANPC,2019-12-31,CNY,951000.0,2732000.0,1781000.0,1781000.0,-25018000.0,23503000.0,2701000.0,27750000.0,0,-712000,0,712000.0,0,0,0,0,-33253000.0,-331000.0,0,-32922000.0,0,-31801000.0,0,-32555000.0
ANVS,2019-12-31,USD,0.0,0.0,0.0,0.0,-135887.0,108780.0,762182.0,135887.0,0,-12369,0,-12369.0,0,0,0,0,-201256.0,0.0,0,-201256.0,0,-109387.0,0,-201256.0
APFH,2016-06-30,USD,100935000.0,370687000.0,253868000.0,253868000.0,46063000.0,54786000.0,0.0,0.0,0,0,0,22709000.0,0,0,0,0,6372000.0,-57762000.0,0,64134000.0,0,27057000.0,0,64134000.0
APIC,2015-04-30,USD,0.0,17290000.0,5487000.0,5487000.0,0.0,21961000.0,7567000.0,0.0,0,0,0,0.0,0,0,0,0,0.0,140000.0,0,0.0,0,0.0,0,0.0
API,2020-06-30,USD,24478072.0,35560435.0,11082363.0,11082363.0,3069000.0,9547384.0,10919000.0,-23259.0,0,120000,120000,0.0,0,0,0,0,3196000.0,190000.0,0,3006000.0,0,4017466.0,0,3006000.0
APLT,2019-03-31,USD,0.0,0.0,0.0,0.0,-8729000.0,1855000.0,6874000.0,8729000.0,0,-1000,-1000,-1000.0,0,0,0,0,-8730000.0,0.0,0,-8730000.0,0,-8729000.0,0,-8730000.0
APPN,2017-06-30,USD,26561000.0,43198000.0,16637000.0,12087000.0,-14820000.0,31410000.0,9971000.0,41381000.0,0,0,0,197000.0,0,734000,0,224000,-14283000.0,176000.0,0,-14459000.0,-15491000,-14820000.0,-14596000,-14459000.0
APRN,2017-06-30,USD,238057000.0,238057000.0,163520000.0,163520000.0,-31038000.0,100192000.0,0.0,269095000.0,0,0,0,3052000.0,0,2567000,0,0,-31523000.0,105000.0,0,-31628000.0,-31628000,-31038000.0,0,-31628000.0
AQST,2018-06-30,USD,8955000.0,13928000.0,4973000.0,4973000.0,-32686000.0,33647000.0,7994000.0,46614000.0,0,0,0,1927000.0,0,-1859000,765000,0,-36493000.0,0.0,0,-36493000.0,-36493000,-32686000.0,0,-36493000.0
AQUA,2017-09-30,USD,122923000.0,356508000.0,233585000.0,209112000.0,58415000.0,69980000.0,4306000.0,87101000.0,0,0,0,16260000.0,0,0,14682000,0,18183000.0,7122000.0,0,4655000.0,12970000,58415000.0,0,11061000.0
ARCE,2018-09-30,USD,50776000.0,64902000.0,14126000.0,14126000.0,-13334909.53,106699000.0,0.0,-2342000.0,0,0,0,-631641.82,0,0,0,0,-13833652.72,1181901.89,0,-15015554.62,0,-49782000.0,0,-14992907.1
ARCX,2013-09-30,USD,0.0,12625000.0,5061000.0,5061000.0,3107000.0,1618000.0,0.0,0.0,0,0,0,1570000.0,0,0,0,0,1277000.0,3000.0,0,0.0,0,0.0,0,1274000.0
ARDS,2018-06-30,USD,-3863000.0,22000.0,3885000.0,3885000.0,-4550000.0,687000.0,3885000.0,4550000.0,0,0,0,0.0,0,3126000,0,0,-1424000.0,0.0,0,-1424000.0,0,-7535000.0,0,-1424000.0
ARD,2017-03-31,USD,331270904.8,1970527575.63,1639256670.83,1639256670.83,149772000.0,120753587.88,0.0,1704000000.0,0,0,0,115538000.0,0,0,0,0,-68000000.0,-9000000.0,0,-59000000.0,0,305624125.07,0,-59000000.0
ARLO,2018-06-30,USD,28294000.0,110948000.0,82654000.0,82654000.0,-16165000.0,19386000.0,13804000.0,44459000.0,0,0,0,0.0,0,-1369000,700000,0,-17534000.0,288000.0,0,-17822000.0,-17822000,-16165000.0,0,-17822000.0
ARMO,2017-12-31,USD,0.0,0.0,0.0,0.0,-14661000.0,14665000.0,13277000.0,14661000.0,0,0,0,0.0,0,0,0,0,-14529000.0,0.0,0,-14529000.0,0,-14661000.0,0,-14529000.0
ARPI,2013-03-31,USD,0.0,5337000.0,9025000.0,9025000.0,0.0,0.0,0.0,0.0,0,0,0,371000.0,0,0,0,0,0.0,0.0,0,0.0,0,0.0,0,0.0
ARQT,2019-12-31,USD,0.0,0.0,0.0,0.0,-12994000.0,2237000.0,10757000.0,12994000.0,0,0,0,0.0,0,0,0,0,-12568000.0,0.0,0,-12568000.0,0,-12843000.0,0,-12568000.0
ART,2009-09-30,USD,0.0,84454000.0,381665000.0,381665000.0,-10556000.0,0.0,0.0,0.0,0,0,0,1000.0,0,0,0,0,-10352000.0,113980000.0,0,0.0,0,0.0,0,-5355000.0
ARVN,2018-09-30,USD,3375264.0,3375264.0,17242000.0,17242000.0,-14058846.0,4284231.0,13149879.0,17434110.0,0,0,0,12264.0,0,160100,0,191547,-13387672.0,0.0,0,-13387672.0,-13338281,-14058846.0,-13867299,-13387672.0
ARX,2010-12-31,USD,0.0,181579000.0,81933000.0,81933000.0,19075000.0,59923000.0,21656000.0,0.0,0,0,0,20713000.0,0,0,0,0,0.0,0.0,0,0.0,0,0.0,0,0.0
ARYA,2020-06-30,USD,0.0,0.0,0.0,0.0,-11717.0,11717.0,0.0,11717.0,0,0,0,0.0,0,0,0,0,-11717.0,0.0,0,-11717.0,0,-11717.0,0,-11717.0
ASNS,2017-12-31,USD,0.0,0.0,0.0,0.0,-22528000.0,11559000.0,9230000.0,22528000.0,0,0,0,273000.0,0,0,0,0,-23237000.0,0.0,0,-23237000.0,0,-22528000.0,0,-23237000.0
ASPX,2013-12-31,USD,0.0,0.0,0.0,0.0,0.0,4905000.0,3479000.0,0.0,0,0,0,174000.0,0,0,0,0,0.0,0.0,0,0.0,0,0.0,0,0.0
ASV,2017-03-31,USD,4360000.0,28010000.0,22429000.0,22429000.0,902000.0,3458000.0,537000.0,27100000.0,0,0,0,878000.0,0,0,0,0,232000.0,0.0,0,232000.0,0,910000.0,0,232000.0
ATACU,2017-09-30,USD,0.0,0.0,0.0,0.0,-30478.0,30478.0,0.0,30478.0,0,0,0,0.0,0,0,0,0,19984.0,21021.0,0,-1037.0,0,-30478.0,0,-1037.0
ATB,2004-09-30,USD,0.0,16618000.0,5890000.0,5890000.0,7671000.0,64000.0,0.0,0.0,0,0,0,1317000.0,0,0,0,0,6367000.0,0.0,0,0.0,0,0.0,0,6367000.0
ATHL,2013-06-30,USD,0.0,65165000.0,12087000.0,12087000.0,29409000.0,3149000.0,0.0,0.0,0,0,0,9313000.0,0,0,0,0,29372000.0,4844000.0,0,0.0,0,0.0,0,23697000.0
ATNX,2017-06-30,USD,458000.0,4595000.0,4137000.0,4137000.0,-30771000.0,13632000.0,17597000.0,31229000.0,0,-3281000,0,3281000.0,0,-4587000,0,0,-38596000.0,29000.0,0,-38668000.0,-38481000,-30771000.0,0,-38625000.0
ATN,2006-12-31,USD,0.0,94070000.0,67632000.0,67632000.0,14886000.0,6220000.0,0.0,0.0,0,0,0,0.0,0,0,0,0,15293000.0,0.0,0,0.0,0,0.0,0,21648000.0
ATUS,2017-06-30,USD,1569647000.0,2328341000.0,758694000.0,758694000.0,256782000.0,593690000.0,0.0,1312865000.0,0,0,0,420372000.0,0,1121000,0,0,-724223000.0,-249068000.0,0,-474790000.0,-479439000,256782000.0,0,-475155000.0
ATXI,2017-06-30,USD,-93000.0,-93000.0,0.0,0.0,-1744000.0,1297000.0,447000.0,1744000.0,0,-93000,0,93000.0,0,-454000,0,0,-2311000.0,0.0,93000,-1744000.0,-1744000,-1744000.0,0,-2406000.0
AUTL,2018-06-30,USD,-9104500.0,375000.0,9479500.0,9479500.0,-16793000.0,7688500.0,17713000.0,17168000.0,0,0,0,0.0,0,0,0,0,-12464500.0,-2208500.0,0,-10256000.0,0,-16793000.0,0,-10256000.0
AUVI,2020-09-30,USD,78178.0,1560633.0,1482455.0,1482455.0,-894967.0,925108.0,48037.0,2455600.0,0,0,0,0.0,0,0,0,0,-894732.0,0.0,0,-894732.0,0,-885785.0,0,-894732.0
AVIV,2013-03-31,USD,0.0,34701000.0,7998000.0,7998000.0,12616000.0,14087000.0,0.0,0.0,0,0,0,13433000.0,0,0,0,0,0.0,0.0,0,0.0,0,0.0,0,0.0
AVLR,2018-06-30,USD,45077000.0,63709000.0,18632000.0,18632000.0,-17296000.0,49945000.0,12428000.0,62373000.0,0,0,0,1067000.0,0,442000,1600000,0,-17652000.0,114000.0,0,-17766000.0,-20814000,-17296000.0,0,-17766000.0
AVNU,2014-12-31,USD,0.0,0.0,1394000.0,1394000.0,3544000.0,4366000.0,0.0,0.0,0,0,0,0.0,0,0,0,0,1865000.0,572000.0,0,0.0,0,0.0,0,1293000.0
AVOL,2014-12-31,USD,0.0,172686000.0,75558000.0,75558000.0,45548000.0,0.0,0.0,0.0,0,0,0,54025000.0,0,0,0,0,0.0,2902000.0,0,0.0,0,0.0,0,0.0
AVRO,2018-06-30,USD,0.0,0.0,0.0,0.0,-9547000.0,2140000.0,7407000.0,-9547000.0,0,0,0,0.0,0,-960000,0,0,-10507000.0,0.0,0,-10507000.0,0,-10507000.0,0,-10507000.0
AVTR,2019-06-30,USD,491100000.0,1532400000.0,1041300000.0,1041300000.0,119100000.0,372000000.0,0.0,1413300000.0,0,-115100000,-100800000,115100000.0,0,15600000,0,103000000,-50600000.0,-1900000.0,0,-48700000.0,-37300000,119100000.0,222100000,-48700000.0
AVXS,2015-12-31,USD,0.0,0.0,0.0,0.0,0.0,13160000.0,8738000.0,0.0,0,0,0,0.0,0,0,0,0,0.0,0.0,0,0.0,0,0.0,0,0.0
AYLA,2020-03-31,USD,0.0,1001000.0,1001000.0,1001000.0,-6439000.0,1311000.0,5128000.0,7440000.0,0,-38000,-38000,0.0,0,0,53000,0,-6477000.0,121000.0,0,-6598000.0,0,-6439000.0,0,-6598000.0
AYX,2017-03-31,USD,23719000.0,28545000.0,4826000.0,4826000.0,-5614000.0,23311000.0,6022000.0,29333000.0,0,0,0,0.0,0,97000,0,566000,-5517000.0,150000.0,0,-5667000.0,-5726000,-5614000.0,-5048000,-5667000.0
AZEK,2020-06-30,USD,75123000.0,223711000.0,148588000.0,148588000.0,7970000.0,65164000.0,1700000.0,65164.0,0,-25148000,0,25148000.0,0,0,12700000,0,-54716000.0,-2600000.0,0,-52116000.0,-52116000,7970000.0,0,-52116000.0
AZRE,2016-09-30,USD,777972000.0,13652000.0,5064000.0,5064000.0,4836000.0,6981000.0,0.0,580339000.0,0,0,0,8900000.0,0,0,0,0,11793000.0,-52323000.0,0,10041000.0,0,296719000.0,0,-216322000.0
AZUL,2017-03-31,USD,492466000.0,592448000.0,471226000.0,471226000.0,63139000.0,33866000.0,0.0,1674096000.0,0,0,0,44058000.0,0,0,0,0,19128000.0,1644000.0,0,55297000.0,0,199697000.0,0,17484000.0
BALT,2010-03-31,USD,0.0,0.0,0.0,0.0,0.0,484000.0,0.0,0.0,0,0,0,48000.0,0,0,0,0,0.0,0.0,0,0.0,0,0.0,0,0.0
BAND,2017-09-30,USD,18767000.0,41338000.0,22571000.0,22571000.0,3071000.0,12925000.0,2771000.0,15696000.0,0,0,0,402000.0,0,-538000,1241000,0,2533000.0,899000.0,0,1634000.0,1634000,3071000.0,0,1634000.0
BATS,2016-03-31,USD,0.0,510900000.0,399100000.0,399100000.0,64500000.0,36900000.0,0.0,0.0,0,0,0,11500000.0,0,0,0,0,51100000.0,21000000.0,0,0.0,0,0.0,0,30100000.0
BCACU,2017-06-30,USD,0.0,0.0,0.0,0.0,-20841.0,20841.0,0.0,20841.0,0,0,0,0.0,0,0,0,0,-31682.0,0.0,0,-31682.0,0,-20841.0,0,-31682.0
BCYC,2019-06-30,USD,-5015000.0,1522000.0,6537000.0,6537000.0,-7988000.0,2973000.0,6537000.0,9510000.0,0,90000,90000,0.0,0,0,0,0,-10082000.0,135000.0,0,-10217000.0,0,-7758000.0,0,-10217000.0
BDTX,2019-12-31,USD,0.0,0.0,0.0,0.0,-10344000.0,2884000.0,7460000.0,10344000.0,0,440000,440000,0.0,0,0,0,0,-9875000.0,0.0,0,-9875000.0,0,-3940000.0,0,-9875000.0
BEAM,2019-12-31,USD,0.0,6000.0,0.0,0.0,-26371000.0,6160000.0,20217000.0,26377000.0,0,385000,504000,119000.0,0,0,1002000,0,-27850000.0,0.0,0,-27850000.0,-27882000,-26371000.0,0,-27850000.0
BEDU,2017-05-31,USD,68294000.0,275458000.0,207164000.0,207164000.0,18024000.0,88979000.0,0.0,-4111000.0,0,0,0,0.0,0,0,0,0,18665000.0,2773000.0,0,103442000.0,0,-22954000.0,0,15868000.0
BEKE,2020-06-30,CNY,4383230000.0,20548915000.0,16165685000.0,16165685000.0,3435050000.0,3675157000.0,523670000.0,16706609000.0,0,58486000,105005000,39926000.0,0,0,0,0,3620528000.0,781715000.0,0,2838813000.0,0,-149197000.0,0,2836568000.0
BETR,2015-06-30,USD,0.0,47354000.0,20612000.0,20612000.0,11935000.0,13687000.0,0.0,0.0,0,0,0,3058000.0,0,0,0,0,6634000.0,3074000.0,0,0.0,0,0.0,0,3560000.0
BE,2018-06-30,USD,26984000.0,138302000.0,111318000.0,136110000.0,-10955000.0,23613000.0,14413000.0,37939000.0,0,0,0,51189000.0,0,-855000,13162000,0,-55870000.0,128000.0,0,-50188000.0,-45575000,-10955000.0,0,-55998000.0
BGNE,2015-12-31,USD,-49434000.0,4677000.0,30635000.0,30635000.0,-56745000.0,7311000.0,28103000.0,65561000.0,0,0,0,389000.0,0,0,0,0,-57102000.0,0.0,0,-57102000.0,0,-56745000.0,0,-57102000.0
BHAT,2019-06-30,USD,2222834.0,3176565.0,953732.0,953732.0,1268818.0,857868.0,96148.0,1907748.0,0,-19451,32,18759.0,0,0,0,0,1143746.0,55447.0,0,1088299.0,0,1162505.0,0,1088299.0
BIGC,2020-06-30,USD,28479000.0,36316000.0,7837000.0,7837000.0,-7383000.0,24517000.0,11345000.0,35862000.0,0,-1135000,17000,1152000.0,0,40000,0,0,-8478000.0,3000.0,0,-8481000.0,-8481000,-7383000.0,0,-8481000.0
BILI,2018-03-31,USD,33927394.32,138206830.67,104279436.35,104279436.35,-11826446.94,28891171.09,16862670.17,150033277.61,0,0,0,0.0,0,0,0,0,-18760608.23,505373.78,0,-19265982.01,0,-11826446.94,0,-19114720.17
BIND,2013-09-30,USD,7630107.0,8660969.0,1030862.0,1030862.0,-18830000.0,9208057.0,16965000.0,26053237.0,0,0,0,736000.0,0,0,0,0,0.0,0.0,0,0.0,0,-16988851.0,0,-19586000.0
BJ,2018-08-04,USD,588503000.0,-3162546000.0,2718602000.0,2718600000.0,38674000.0,549188000.0,0.0,549800000.0,0,0,0,-40396000.0,0,0,0,41076000,-21005000.0,-15391000.0,59555000,-5490000.0,-5614000,38674000.0,79750000,-5614000.0
BLCT,2020-06-30,CNY,77182914.0,247439121.0,170256207.0,170256207.0,-5450987.0,51297668.0,31336233.0,252890108.0,0,1945683,1945683,0.0,0,0,0,0,-3505691.0,-155928.0,0,-3349763.0,0,-5450600.0,0,-3349763.0
BLOX,2012-04-30,USD,0.0,43424000.0,9460000.0,9460000.0,0.0,33373000.0,8987000.0,0.0,0,0,0,0.0,0,0,0,0,0.0,0.0,0,0.0,0,0.0,0,0.0
BL,2016-09-30,USD,24655000.0,32196000.0,7541000.0,7541000.0,-7167000.0,26735000.0,5087000.0,31822000.0,0,0,0,1294000.0,0,-1294000,0,4356000,-8461000.0,-1842000.0,0,-6619000.0,-6619000,-7167000.0,-2811000,-6619000.0
BNK,2014-06-30,USD,0.0,0.0,6687000.0,6687000.0,12680000.0,6032000.0,0.0,0.0,0,0,0,0.0,0,0,0,0,422000.0,192000.0,0,0.0,0,0.0,0,230000.0
BNNY,2012-03-31,USD,0.0,42984000.0,25576000.0,25576000.0,6152000.0,10989000.0,400000.0,0.0,0,0,0,95000.0,0,0,0,0,3591000.0,1662000.0,0,0.0,0,0.0,0,1929000.0
BNR,2020-06-30,CNY,78398000.0,106971000.0,28573000.0,28573000.0,-73042000.0,80264000.0,71176000.0,180013000.0,0,1983000,44000,-1939000.0,0,0,0,0,-71055000.0,0.0,0,-71055000.0,0,-72876000.0,0,-71055000.0
BNTX,2019-09-30,EUR,24432000.0,28662000.0,4230000.0,4230000.0,-36874000.0,11252000.0,50396000.0,65536000.0,0,6779000,7294000,433000.0,0,0,0,0,-30095000.0,8000.0,0,-30103000.0,0,-21170000.0,0,-30103000.0
BODY,2010-09-30,USD,0.0,56943000.0,38722000.0,38722000.0,2933000.0,14050000.0,0.0,0.0,0,0,0,0.0,0,0,0,0,2188000.0,845000.0,0,0.0,0,0.0,0,1343000.0
BOJA,2015-03-31,USD,21073000.0,114647000.0,93574000.0,90900000.0,9488000.0,10913000.0,0.0,11585000.0,0,0,0,2222000.0,0,1000,0,659000,7083000.0,3645000.0,0,3438000.0,3091000,9488000.0,10147000,3438000.0
BOLD,2016-06-30,USD,0.0,0.0,0.0,0.0,-24741000.0,13892000.0,11734000.0,0.0,0,0,0,0.0,0,0,0,0,0.0,0.0,0,-14159000.0,0,-14159000.0,0,-24623000.0
BONA,2010-12-31,USD,0.0,17835000.0,9200000.0,9200000.0,3191000.0,5444000.0,0.0,0.0,0,0,0,88000.0,0,0,0,0,3145000.0,0.0,0,0.0,0,0.0,0,3170000.0
BORR,2019-06-30,USD,54900000.0,86600000.0,31700000.0,31700000.0,-40500000.0,14000000.0,0.0,127100000.0,0,-28200000,200000,20100000.0,0,0,0,0,-100700000.0,2500000.0,0,-103200000.0,0,-24000000.0,0,-103200000.0
BPMP,2017-09-30,USD,23291000.0,27016000.0,6547000.0,6547000.0,18572000.0,1222000.0,0.0,8483000.0,0,0,0,-107000.0,0,0,0,0,18952000.0,7403000.0,0,11324000.0,0,17807000.0,0,11549000.0
BRACU,2017-09-30,USD,0.0,0.0,0.0,0.0,-195239.0,195239.0,0.0,0.0,0,0,0,0.0,0,0,0,0,-625.0,0.0,0,-625.0,0,0.0,0,-625.0
BRBR,2019-09-30,USD,76700000.0,214500000.0,137800000.0,137800000.0,36000000.0,35100000.0,0.0,178500000.0,0,0,0,-11600000.0,0,0,0,0,36000000.0,9300000.0,0,26700000.0,0,36000000.0,0,26700000.0
BRDR,2014-03-31,USD,0.0,26514000.0,19242000.0,19242000.0,0.0,7095000.0,1789000.0,0.0,0,0,0,0.0,0,0,0,0,0.0,53000.0,0,0.0,0,0.0,0,0.0
BXG,2017-12-31,USD,122055000.0,145543000.0,23488000.0,23488000.0,122445000.0,108455000.0,0.0,488242000.0,0,0,0,-38035000.0,0,0,0,0,29037000.0,-15558000.0,0,143377000.0,0,38786000.0,0,66469000.0
BYSI,2017-03-31,USD,0.0,0.0,0.0,0.0,-47791000.0,47785000.0,46747000.0,47791000.0,0,0,0,0.0,0,0,0,0,-47712000.0,0.0,0,-47712000.0,0,-47791000.0,0,-47396000.0
BY,2017-06-30,USD,72804000.0,72804000.0,7019000.0,7019000.0,43555000.0,29249000.0,0.0,29249000.0,0,0,0,-3504000.0,0,0,0,0,10240000.0,4094000.0,0,6146000.0,0,43555000.0,0,6146000.0
CAAP,2017-12-31,USD,136455000.0,416619000.0,280164000.0,280164000.0,87667000.0,32164000.0,0.0,1209069000.0,0,0,0,23163000.0,0,0,0,0,1416000.0,7092000.0,0,66891000.0,0,85252000.0,0,44470000.0
CABA,2019-09-30,USD,0.0,0.0,0.0,0.0,-5031000.0,1811000.0,3220000.0,5031000.0,0,381000,381000,0.0,0,0,0,0,-4650000.0,0.0,0,-4650000.0,0,-4999000.0,0,-4650000.0
CAFD,2015-06-30,USD,1927000.0,2179000.0,252000.0,252000.0,-3574000.0,4519000.0,0.0,5267000.0,0,0,0,1781000.0,0,-7175000,0,0,-10967000.0,103000.0,0,-11070000.0,0,-10749000.0,0,145000.0
CANG,2018-06-30,USD,155100000.0,236300000.0,81200000.0,81200000.0,10031870.88,78700000.0,1421927.86,83200000.0,0,0,0,-706708.01,0,0,0,0,13241396.07,3550865.48,0,9690530.59,0,112700000.0,0,9665809.09
CAN,2019-12-31,USD,-673429000.0,463247000.0,1136676000.0,1136676000.0,-800263000.0,62217000.0,63609000.0,127739000.0,0,398000,1793000,1395000.0,0,0,0,0,-798211000.0,0.0,0,-798211000.0,0,-795607000.0,0,-798211000.0
CARG,2017-09-30,USD,78269000.0,82989000.0,4720000.0,4720000.0,2863000.0,68897000.0,5796000.0,75406000.0,0,0,0,340000.0,0,-105000,0,713000,2969000.0,590000.0,0,2379000.0,2451000,2863000.0,3576000,2379000.0
CBLK,2018-03-31,USD,38219000.0,48434000.0,10215000.0,10215000.0,-13907000.0,37204000.0,14922000.0,62341000.0,0,0,0,-23000.0,0,0,0,0,-20523000.0,71000.0,0,-20594000.0,0,-13907000.0,0,-20594000.0
CBYL,2015-03-31,USD,0.0,7000.0,0.0,0.0,0.0,4877000.0,3902000.0,0.0,0,0,0,836000.0,0,0,0,0,0.0,0.0,0,0.0,0,0.0,0,0.0
CCG,2010-09-30,USD,0.0,16830000.0,16602000.0,16602000.0,228000.0,0.0,0.0,0.0,0,0,0,6709000.0,0,0,0,0,0.0,0.0,0,0.0,0,0.0,0,0.0
CCSC,2010-09-30,USD,0.0,31924000.0,23134000.0,23134000.0,3764000.0,4135000.0,0.0,0.0,0,0,0,0.0,0,0,0,0,4013000.0,819000.0,0,0.0,0,0.0,0,3194000.0
CDAY,2018-03-31,USD,89200000.0,208900000.0,119700000.0,119700000.0,26400000.0,65600000.0,6400000.0,65600000.0,0,-22200000,0,22200000.0,0,2800000,0,14900000,4700000.0,6800000.0,0,-2100000.0,-29300000,26400000.0,41300000,-2100000.0
CDLX,2017-12-31,USD,50106000.0,39266000.0,24278000.0,24278000.0,-2195000.0,16458000.0,2623000.0,147464000.0,0,-1812000,0,1812000.0,0,120000,0,725000,-25384000.0,0.0,0,-25384000.0,-4150000,-2195000.0,-1470000,-4056000.0
CERU,2014-03-31,USD,0.0,47000.0,2969000.0,2969000.0,0.0,0.0,1495000.0,0.0,0,0,0,461000.0,0,0,0,0,0.0,0.0,0,0.0,0,0.0,0,0.0
CGBD,2017-06-30,USD,22190000.0,38740000.0,16550000.0,16550000.0,28037000.0,740000.0,0.0,750000.0,0,0,0,6267000.0,0,0,0,0,15501000.0,0.0,0,-33018000.0,0,9550000.0,0,15501000.0
CGROU,2020-03-31,USD,0.0,0.0,0.0,0.0,-908.0,908.0,0.0,908.0,0,0,0,0.0,0,0,0,0,-908.0,0.0,0,-908.0,0,-908.0,0,-908.0
CHRA,2018-06-30,USD,30549000.0,195723000.0,165174000.0,165174000.0,11612000.0,18937000.0,0.0,18937000.0,0,0,0,5543000.0,0,699000,0,0,6768000.0,2906000.0,0,3862000.0,0,11612000.0,0,3220000.0
CHRM,2010-03-31,USD,0.0,41964000.0,29520000.0,29520000.0,7181000.0,5263000.0,0.0,0.0,0,0,0,178000.0,0,0,0,0,7194000.0,355000.0,0,0.0,0,0.0,0,6799000.0
CIS,2010-06-30,USD,0.0,44070000.0,28721000.0,28721000.0,5186000.0,8235000.0,529000.0,0.0,0,0,0,115000.0,0,0,0,0,4087000.0,703000.0,0,0.0,0,0.0,0,3372000.0
CLAY,2006-03-31,USD,0.0,53945000.0,37971000.0,37971000.0,2279000.0,9652000.0,0.0,0.0,0,0,0,0.0,0,0,0,0,0.0,0.0,0,0.0,0,0.0,0,0.0
CLCD,2015-03-31,USD,0.0,0.0,0.0,0.0,-2811118.0,850491.0,1961000.0,2811118.0,0,0,0,0.0,0,11575,0,0,-2799543.0,0.0,0,-2799543.0,0,-2799543.0,0,-2799543.0
CLEU,2020-03-31,USD,0.0,0.0,0.0,0.0,0.0,0.0,0.0,0.0,0,0,0,0.0,0,0,0,0,0.0,24338.0,0,0.0,0,0.0,0,0.0
CLPS,2018-06-30,USD,12584500.0,34137190.0,21552690.0,21552690.0,466120.0,9429280.0,2023553.0,14368800.0,0,0,0,0.02,0,0,0,0,726600.0,-67708.0,0,794307.0,0,-1893430.0,0,728000.0
CLSD,2016-06-30,USD,5000.0,5000.0,5168000.0,5168000.0,-5178000.0,970000.0,4213000.0,5183000.0,0,0,0,180000.0,0,76000,0,0,-5102000.0,0.0,0,-5102000.0,0,-5102000.0,0,-5102000.0
CMBM,2019-06-30,USD,34312000.0,69151000.0,34839000.0,34839000.0,-9394000.0,27290000.0,15189000.0,78545000.0,0,-2301000,-2357000,2301000.0,0,0,0,0,-11751000.0,8623000.0,0,-20374000.0,0,-8057000.0,0,-20374000.0
CML,2007-09-30,USD,0.0,13404000.0,6400000.0,6400000.0,0.0,8772000.0,2177000.0,0.0,0,0,0,0.0,0,0,0,0,0.0,0.0,0,0.0,0,0.0,0,0.0
CMPI,2020-06-30,USD,0.0,0.0,0.0,0.0,-8271000.0,1795000.0,6476000.0,8271000.0,0,6000,6000,0.0,0,0,0,0,-8348000.0,0.0,0,-8348000.0,0,-8271000.0,0,-8348000.0
CMSSU,2017-09-30,USD,0.0,0.0,0.0,0.0,-111785.0,0.0,0.0,0.0,0,0,0,0.0,0,0,0,0,-2571.0,0.0,0,-2571.0,0,0.0,0,-2571.0
CMTA,2017-06-30,USD,0.0,0.0,0.0,0.0,11449089.0,8601000.0,6332000.0,8655619.0,0,0,0,6000.0,0,0,0,0,141942576.0,97000.0,0,142022363.0,0,11125101.0,0,142022363.0
CNACU,2017-06-30,USD,0.0,0.0,0.0,0.0,-22525.0,22525.0,0.0,16363.97,0,0,0,0.0,0,0,0,0,-31716.0,0.0,0,-31716.0,0,-22525.0,0,-31716.0
CNF,2018-09-30,CNY,594650120.0,1116187550.0,521537430.0,521537430.0,6726036.69,164532700.0,-5676682.36,277303690.0,0,0,0,6070852082.36,0,0,0,0,6726036.69,1748423.21,0,4977613.48,0,0.0,0,4977613.48
CNSP,2019-09-30,USD,0.0,0.0,0.0,0.0,-699094.0,420191.0,278903.0,699094.0,0,-7561,-7560,7561.0,0,0,0,0,-706655.0,0.0,0,-706655.0,0,-698396.0,0,-706655.0
CNTG,2019-09-30,EUR,4997000.0,11638000.0,6641000.0,6641000.0,-3375000.0,6672000.0,2011000.0,7840000.0,0,-1433000,0,1433000.0,0,0,0,0,-4276000.0,0.0,0,-4276000.0,0,-4097000.0,0,-4276000.0
CNXR,2014-12-31,USD,13590000.0,27825000.0,14235000.0,12975000.0,5955000.0,6684000.0,4447000.0,7635000.0,0,0,0,1705000.0,0,0,0,0,4861000.0,77000.0,0,0.0,4784000,5955000.0,0,4784000.0
CODX,2017-06-30,USD,2164.0,2466.0,302.0,302.0,-700952.0,661205.0,184880.0,703116.0,0,0,0,154000.0,0,0,0,0,-855007.0,0.0,0,-855007.0,0,-700952.0,0,-855007.0
CORI,2014-03-31,USD,1808000.0,10717000.0,8289000.0,8289000.0,-794000.0,1236000.0,1267000.0,2602000.0,0,0,0,1780000.0,0,6108000,0,0,3534000.0,0.0,0,3534000.0,0,-794000.0,0,3534000.0
COTV,2016-06-30,USD,0.0,158291000.0,60514000.0,60514000.0,39591000.0,38121000.0,0.0,0.0,0,0,0,14660000.0,0,0,0,0,17569000.0,6676000.0,0,0.0,0,0.0,0,10893000.0
COVS,2013-09-30,USD,0.0,24525000.0,12015000.0,12015000.0,0.0,23111000.0,3244000.0,0.0,0,0,0,0.0,0,0,0,0,0.0,34000.0,0,0.0,0,0.0,0,0.0
CPPL,2014-12-31,USD,0.0,340400000.0,190000000.0,190000000.0,119500000.0,0.0,0.0,0.0,0,0,0,22900000.0,0,0,0,0,111100000.0,46700000.0,0,0.0,0,0.0,0,64400000.0
CQH,2013-12-31,USD,0.0,268191000.0,243391000.0,243391000.0,0.0,0.0,0.0,0.0,0,0,0,367100000.0,0,0,0,0,0.0,0.0,0,0.0,0,0.0,0,0.0
CRSAU,2019-03-31,USD,0.0,0.0,0.0,0.0,-85740.0,85740.0,0.0,85743.0,0,0,302660,0.0,0,0,0,0,216920.0,45550.0,0,171366.0,0,-388404.0,0,171370.0
CRSP,2016-09-30,USD,1549000.0,1549000.0,15923000.0,15923000.0,-14610000.0,4107000.0,12052000.0,16159000.0,0,0,0,1000.0,0,-75000,0,0,-14686000.0,8000.0,0,-14694000.0,0,-14685000.0,0,-14680000.0
CRVS,2016-03-31,USD,0.0,0.0,0.0,0.0,-6426000.0,1029000.0,5397000.0,6426000.0,0,0,0,0.0,0,79000,0,0,-6347000.0,0.0,0,-6347000.0,0,-6347000.0,0,-6347000.0
CTK,2018-09-30,USD,33379000.0,36787000.0,3408000.0,3408000.0,2715000.0,25508000.0,5169000.0,34072000.0,0,0,0,0.0,0,0,0,0,2798000.0,0.0,0,2798000.0,0,2715000.0,0,2798000.0
CUDA,2013-11-30,USD,45369000.0,59386000.0,14017000.0,11636000.0,-3012000.0,47794000.0,12083000.0,48381000.0,0,0,0,0.0,0,0,1100000,2381000,-2692000.0,-599000.0,0,0.0,-1610000,0.0,0,-2093000.0
CURO,2017-12-31,USD,92164000.0,167287000.0,75123000.0,70406000.0,42988000.0,99352000.0,0.0,0.0,0,0,0,21990000.0,0,0,0,0,18998000.0,12588000.0,0,0.0,4975000,40988000.0,0,6410000.0
CVP,2003-12-31,USD,0.0,131788000.0,108289000.0,108289000.0,2202000.0,14504000.0,0.0,0.0,0,0,0,5235000.0,0,0,0,0,0.0,0.0,0,0.0,0,0.0,0,0.0
CVT,2013-06-30,USD,38119000.0,26935000.0,5177000.0,5177000.0,-1624000.0,21075000.0,2790000.0,0.0,0,0,0,0.0,0,0,0,0,-1241000.0,1098000.0,0,0.0,0,0.0,0,-2287000.0
CWH,2016-09-30,USD,280236000.0,991071000.0,710835000.0,723886000.0,87741000.0,186255000.0,0.0,192495000.0,0,0,0,17037000.0,0,0,0,6219000,70704000.0,2288000.0,0,0.0,0,87741000.0,93960000,68416000.0
CWK,2018-06-30,USD,409600000.0,1974300000.0,1564700000.0,1564700000.0,32500000.0,311900000.0,0.0,-1597200000.0,0,0,0,52000000.0,0,2400000,0,0,-17100000.0,15100000.0,0,-32200000.0,0,100100000.0,0,-32200000.0
CYNI,2013-03-31,USD,0.0,26319000.0,14827000.0,14827000.0,0.0,18119000.0,7239000.0,0.0,0,0,0,126000.0,0,0,0,0,0.0,21000.0,0,0.0,0,0.0,0,0.0
DADA,2020-06-30,CNY,222918000.0,1323049000.0,1100131000.0,1100131000.0,-471911000.0,551052000.0,128601000.0,1794960000.0,0,13172000,15286000,2114000.0,0,0,0,0,-458739000.0,-1253000.0,0,-457486000.0,0,-456625000.0,0,-457486000.0
DANG,2010-12-31,USD,0.0,110932000.0,85088000.0,85088000.0,1287000.0,23513000.0,0.0,0.0,0,0,0,0.0,0,0,0,0,2005000.0,0.0,0,0.0,0,0.0,0,2276000.0
DAO,2019-09-30,CNY,89234000.0,345908000.0,256674000.0,256674000.0,-234742000.0,249047000.0,74929000.0,580650000.0,0,-4071000,-4071000,-0.01,0,0,0,0,-229874000.0,802000.0,0,-230676000.0,0,-234742000.0,0,-231130000.0
DATE,2011-03-31,USD,0.0,10444000.0,3355000.0,3355000.0,2526000.0,4563000.0,294000.0,0.0,0,0,0,0.0,0,0,0,0,2544000.0,689000.0,0,0.0,0,0.0,0,1855000.0
DAVA,2018-06-30,USD,21415000.0,61473000.0,40058000.0,40058000.0,9352083.06,14982000.0,0.0,105899405575870.0,0,0,0,-114338.28,0,0,0,0,8779077.41,2341963.46,0,6437113.94,0,8285000.0,0,6437113.94
DBX,2018-03-31,USD,195700000.0,316300000.0,120600000.0,120600000.0,-465900000.0,283100000.0,378500000.0,661600000.0,1400000,0,0,1200000.0,0,3400000,34100000,0,-463700000.0,1800000.0,0,-465500000.0,-464100000,-465900000.0,0,-465500000.0
DEP,2006-12-31,USD,0.0,184376000.0,164195000.0,164195000.0,14278000.0,0.0,0.0,0.0,0,0,0,0.0,0,0,0,0,15065000.0,0.0,0,0.0,0,0.0,0,15065000.0
DERM,2014-09-30,USD,0.0,0.0,7706000.0,7706000.0,-7716000.0,1688000.0,6028000.0,7716000.0,0,0,0,47000.0,0,-84000,0,0,-7847000.0,0.0,0,-7847000.0,0,-7800000.0,0,-7847000.0
DESP,2017-09-30,USD,93599000.0,131468000.0,37869000.0,37869000.0,18277000.0,56415000.0,18907000.0,74166000.0,0,0,0,-16515000.0,0,0,0,0,15397000.0,4190000.0,0,47168000.0,0,22068000.0,0,11207000.0
DFPHU,2020-03-31,USD,0.0,0.0,0.0,0.0,-87774.0,38074.0,0.0,87774.0,0,42685,42685,0.0,0,0,0,0,-45089.0,0.0,0,-45089.0,0,-87774.0,0,-45089.0
DMTX,2015-09-30,USD,0.0,2061000.0,12500000.0,12500000.0,0.0,0.0,10372000.0,0.0,0,0,0,25000.0,0,0,0,0,0.0,0.0,0,0.0,0,0.0,0,0.0
DNJR,2018-03-31,USD,2453876.0,4907750.0,0.0,0.0,-412000.0,5454810.0,138473.0,2865876.0,0,0,0,-510.0,0,0,0,0,-337909.0,33719.0,0,-371627.0,0,-641980.0,0,-373964.0
DNK,2019-12-31,CNY,2015123000.0,2129348000.0,114225000.0,114225000.0,-837694000.0,2299510000.0,50124000.0,2967042000.0,0,-83298000,-83298000,99427000.0,0,0,0,0,-920992000.0,0.0,0,-920992000.0,0,-821565000.0,0,-919806000.0
DOLE,2009-09-30,USD,0.0,1938173000.0,1723807000.0,1723807000.0,27823000.0,148979000.0,0.0,0.0,0,0,0,69955000.0,0,0,0,0,0.0,0.0,0,0.0,0,0.0,0,0.0
DOTAU,2017-09-30,USD,0.0,0.0,0.0,0.0,0.0,0.0,0.0,0.0,0,0,0,0.0,0,0,0,0,6550.0,1207.0,0,5343.0,0,0.0,0,5343.0
DOVA,2017-06-30,USD,0.0,0.0,0.0,0.0,33000.0,5198000.0,3293000.0,-15726000.0,0,0,0,295000.0,0,0,0,0,10848000.0,0.0,0,16189000.0,0,15726000.0,0,-83000.0
DOYU,2019-06-30,CNY,301050000.0,1872729000.0,1571679000.0,1571679000.0,-9960000.0,241103000.0,84404000.0,1882689000.0,0,35166000,35166000,0.0,0,0,0,0,21440000.0,0.0,0,23156000.0,0,-9960000.0,0,22276000.0
DPHCU,2019-03-31,USD,0.0,0.0,0.0,0.0,-88263.0,88263.0,0.0,88263.0,0,431214,431214,0.0,0,0,0,0,342951.0,80060.0,0,262896.0,0,-88263.0,0,262896.0
DPLO,2014-09-30,USD,40165000.0,595529000.0,552578000.0,552578000.0,5859000.0,33703000.0,0.0,34306000.0,0,0,0,734000.0,0,-231000,0,0,6968000.0,2427000.0,0,4541000.0,0,5628000.0,0,4541000.0
DPRX,2014-03-31,USD,0.0,0.0,0.0,0.0,0.0,2544000.0,1817000.0,0.0,0,0,0,0.0,0,0,0,0,0.0,0.0,0,0.0,0,0.0,0,0.0
DRII,2013-06-30,USD,182873000.0,173200000.0,-9000000.0,-9000000.0,304593000.0,87285000.0,0.0,-121720000.0,0,0,0,-24794000.0,0,-8000,0,0,18367000.0,411000.0,0,17956000.0,0,304585000.0,0,17956000.0
DRTX,2012-06-30,USD,0.0,0.0,0.0,0.0,0.0,18920000.0,16528000.0,0.0,0,0,0,0.0,0,0,0,0,0.0,0.0,0,0.0,0,0.0,0,0.0
DSKY,2014-06-30,USD,0.0,30226000.0,17248000.0,17248000.0,0.0,30330000.0,1804000.0,0.0,0,0,0,0.0,0,0,0,0,0.0,1363000.0,0,0.0,0,0.0,0,0.0
DTEA,2015-05-31,USD,0.0,25044694.02,12782489.11,12782489.11,0.0,12702269.08,0.0,0.0,0,0,0,236076.09,0,0,0,0,0.0,0.0,0,0.0,0,0.0,0,0.0
DUO,2019-09-30,CNY,198849000.0,947963000.0,749114000.0,749114000.0,76836000.0,48614000.0,73399000.0,871127000.0,0,0,0,0.0,0,0,0,0,80308000.0,-3.64,0,80308000.0,0,76836000.0,0,80308000.0
DWRE,2012-03-31,USD,10671000.0,16090000.0,5419000.0,5419000.0,-1843000.0,9043000.0,3471000.0,12514000.0,0,0,0,74000.0,0,-200000,0,0,-2117000.0,126000.0,0,-2243000.0,0,-2043000.0,0,-2243000.0
EAF,2018-03-31,USD,306750000.0,451899000.0,145149000.0,145149000.0,290445000.0,15876000.0,429000.0,16305000.0,0,0,0,37865000.0,0,-1890000,0,0,250690000.0,28643000.0,0,222047000.0,0,284807000.0,0,223673000.0
EBON,2020-06-30,USD,0.0,0.0,0.0,0.0,0.0,0.0,0.0,0.0,0,0,0,0.0,0,0,0,0,0.0,367524.0,0,0.0,0,0.0,0,0.0
EB,2018-09-30,USD,42151000.0,73628000.0,31477000.0,31477000.0,-13054000.0,42349000.0,12856000.0,55205000.0,0,0,0,3300000.0,0,1414000,1300000,0,-35633000.0,-117000.0,0,-35516000.0,0,-13054000.0,0,-35516000.0
EDTK,2020-06-30,USD,0.0,0.0,0.0,0.0,0.0,0.0,0.0,0.0,0,0,0,0.0,0,0,0,0,0.0,872003.0,0,0.0,0,0.0,0,0.0
EEX,2017-03-31,USD,99065000.0,135654000.0,36589000.0,36589000.0,56525000.0,31965000.0,0.0,42540000.0,0,0,0,9648000.0,0,0,200000,0,46877000.0,18530000.0,0,28347000.0,0,56525000.0,0,28347000.0
EHIC,2014-12-31,USD,132465772.0,38673000.0,20243000.0,20243000.0,-17852857.0,8360000.0,0.0,869018043.0,0,0,0,3866000.0,0,0,0,0,-91233780.0,1821657.0,0,-93145437.0,0,-17852857.0,0,-93145437.0
EH,2019-12-31,CNY,33196000.0,54684000.0,21488000.0,21488000.0,2145000.0,17521000.0,15468000.0,52539000.0,0,-191000,237000,428000.0,0,0,0,0,476000.0,627000.0,0,-156000.0,0,2679000.0,0,-1933000.0
ELVT,2017-03-31,USD,58978000.0,156367000.0,97389000.0,97389000.0,21616000.0,34754000.0,0.0,37362000.0,0,0,0,19246000.0,0,435000,0,2608000,2805000.0,1137000.0,0,1668000.0,1591000,21616000.0,24224000,1668000.0
ENP,2007-09-30,USD,0.0,33545000.0,11386000.0,11386000.0,5026000.0,6972000.0,0.0,0.0,0,0,0,4873000.0,0,0,0,0,-315000.0,31000.0,0,0.0,0,0.0,0,-282000.0
ENTX,2018-06-30,USD,0.0,0.0,0.0,0.0,-1356000.0,409000.0,1765000.0,1356000.0,0,0,0,-23000.0,0,0,0,0,1563000.0,0.0,0,1563000.0,0,-1356000.0,0,1563000.0
ENVI,2012-03-31,USD,8280000.0,13416000.0,5136000.0,5136000.0,-2149000.0,8432000.0,1994000.0,10429000.0,0,0,0,9000.0,0,27000,0,0,-2131000.0,106000.0,0,-2237000.0,0,-2122000.0,0,-2237000.0
ENZY,2013-09-30,USD,0.0,17754000.0,8781000.0,8781000.0,3233000.0,5355000.0,1445000.0,0.0,0,0,0,0.0,0,0,0,0,3342000.0,82000.0,0,0.0,0,0.0,0,3260000.0
EOPN,2012-08-31,USD,0.0,22891000.0,5276000.0,5276000.0,4767000.0,12462000.0,3557000.0,0.0,0,0,0,159000.0,0,0,0,0,4598000.0,32000.0,0,0.0,0,0.0,0,4566000.0
EPRT,2018-06-30,USD,21313000.0,21664000.0,380000.0,380000.0,16757000.0,2987000.0,0.0,11505000.0,0,0,0,8634000.0,0,2412000,0,7611000,3486000.0,87000.0,0,1087000.0,3400000,16757000.0,24368000,3399000.0
EQH,2018-03-31,USD,2835000000.0,2835000000.0,1925000000.0,1925000000.0,370000000.0,0.0,0.0,2465000000.0,0,0,0,46000000.0,0,0,0,0,247000000.0,79000000.0,0,291000000.0,-670000000,293000000.0,0,168000000.0
ESSCU,2020-03-31,USD,0.0,0.0,0.0,0.0,-94824.0,0.0,0.0,94824.0,0,792381,792381,0.0,0,0,0,0,697557.0,0.0,0,697557.0,0,-94824.0,0,697557.0
ESTA,2018-06-30,USD,8217000.0,13709000.0,5492000.0,5492000.0,-6317000.0,11218000.0,3705000.0,14534000.0,0,0,0,2173000.0,0,3671000,0,0,-5208000.0,152000.0,0,-5360000.0,0,-2646000.0,0,-5360000.0
ESTC,2018-10-31,USD,44988000.0,63575000.0,18587000.0,18587000.0,-27070000.0,46726000.0,25332000.0,72058000.0,0,0,0,0.0,0,264000,0,0,-26806000.0,733000.0,0,-27539000.0,0,-26806000.0,0,-27539000.0
ETTX,2018-09-30,USD,-5000000.0,5000000.0,10124000.0,10124000.0,-21928000.0,2548000.0,8086000.0,-12027000.0,0,0,0,0.0,0,-8473000,0,0,-8473000.0,0.0,0,-8473000.0,0,-8473000.0,0,-8473000.0
EVBG,2016-09-30,USD,13759000.0,19932000.0,6173000.0,6173000.0,-2429000.0,12271000.0,3917000.0,16188000.0,0,0,0,195000.0,0,30000,0,400000,-2594000.0,35000.0,0,-2629000.0,-2563000,-2429000.0,-2029000,-2629000.0
EVDY,2014-03-31,USD,37505000.0,37505000.0,11421000.0,11421000.0,-1493000.0,28802000.0,10762000.0,-38998000.0,0,0,0,1863000.0,0,-4114000,0,0,-7470000.0,289000.0,0,-7759000.0,0,-5607000.0,0,-7759000.0
EVOP,2018-06-30,USD,140891000.0,140891000.0,50364000.0,50364000.0,-45973000.0,115567000.0,0.0,186864000.0,0,0,0,21560000.0,0,-2620000,9500000,20933000,-11896000.0,-28609000.0,0,-40667000.0,15082000,-45973000.0,-25040000,16713000.0
EVVV,2005-06-30,USD,0.0,31540000.0,11616000.0,11616000.0,0.0,44188000.0,12759000.0,0.0,0,0,0,6346000.0,0,0,0,0,0.0,0.0,0,0.0,0,0.0,0,0.0
EXA,2012-07-31,USD,0.0,11833000.0,2786000.0,2786000.0,887000.0,7737000.0,4157000.0,0.0,0,0,0,409000.0,0,0,0,0,1249000.0,367000.0,0,0.0,0,0.0,0,882000.0
EXPCU,2019-09-30,USD,0.0,0.0,0.0,0.0,-43053.0,43053.0,0.0,43053.0,0,168280,168280,0.0,0,0,0,0,125227.0,0.0,0,99139.0,0,-43053.0,0,99139.0
EYEN,2017-12-31,USD,0.0,0.0,0.0,0.0,-5132367.0,2151000.0,1690000.0,5132367.0,0,0,0,0.0,0,0,0,0,-5129987.0,0.0,0,-5129987.0,0,-5132367.0,0,-5129987.0
FAMI,2018-03-31,USD,2968330.0,16799050.0,13830720.0,13830720.0,1277590.0,1168000.0,0.0,1167990.0,0,0,-85760,-43069.0,0,0,0,0,1199280.0,796.0,0,598843.0,0,1980680.0,0,1199350.0
FBM,2016-12-31,USD,132257000.0,462194000.0,329937000.0,329840000.0,-8804000.0,110089000.0,0.0,127862000.0,0,0,0,15309000.0,0,-7265000,6867000,17773000,-18179000.0,-9375000.0,0,-28370000.0,-9682000,-8804000.0,8969000,-8804000.0
FCB,2014-06-30,USD,44607000.0,44607000.0,10535000.0,10535000.0,75351000.0,30744000.0,0.0,-30744000.0,0,0,0,13872000.0,0,0,0,0,13863000.0,4697000.0,0,9166000.0,0,75351000.0,0,9166000.0
FDC,2015-09-30,USD,0.0,2920000000.0,1691000000.0,1691000000.0,422000000.0,521000000.0,0.0,0.0,0,0,0,388000000.0,0,0,0,0,-43000000.0,32000000.0,0,0.0,0,0.0,0,0.0
FEDU,2017-11-30,USD,102711000.0,13132000.0,22907000.0,22907000.0,15813000.0,5340000.0,0.0,110695500.0,0,0,0,0.0,0,0,0,0,3460000.0,1861000.0,0,22377000.0,0,40949500.0,0,1653000.0
FELP,2014-06-30,USD,109836000.0,266677000.0,155282000.0,155282000.0,66174000.0,2565000.0,0.0,43662000.0,0,0,0,31949000.0,0,-4979000,0,0,31744000.0,0.0,0,30845000.0,0,61195000.0,0,30354000.0
FGL,2013-12-31,USD,119255000.0,336111000.0,216856000.0,216856000.0,70359000.0,26004000.0,0.0,48896000.0,0,0,0,5624000.0,0,0,0,0,64735000.0,22041000.0,0,42694000.0,0,70359000.0,0,42694000.0
FGXI,2007-09-30,USD,0.0,53919000.0,21694000.0,21694000.0,6484000.0,21130000.0,0.0,0.0,0,0,0,6038000.0,0,0,0,0,502000.0,539000.0,0,0.0,0,0.0,0,0.0
FIO,2011-06-30,USD,0.0,71689000.0,22938000.0,22938000.0,9634000.0,37800000.0,8966000.0,0.0,0,0,0,1590000.0,0,0,0,0,7024000.0,1260000.0,0,0.0,0,0.0,0,5764000.0
FIXX,2018-03-31,USD,823372.0,823372.0,7997605.0,7997605.0,-11002255.0,3828022.0,7997605.0,11825627.0,0,0,0,0.0,0,479483,220596,0,-10522772.0,0.0,0,-10522772.0,-10535629,-11002255.0,0,-10522772.0
FLGT,2016-09-30,USD,2868000.0,5011000.0,2143000.0,2143000.0,-695000.0,2040000.0,1523000.0,3563000.0,0,0,0,0.0,0,5000,0,304000,-690000.0,417000.0,0,-1107000.0,-1107000,-695000.0,-391000,-1107000.0
FLLCU,2019-06-30,USD,0.0,0.0,0.0,0.0,-172.0,172.0,0.0,172.0,0,0,0,0.0,0,0,0,0,-172.0,0.0,0,-172.0,0,-172.0,0,-172.0
FLTX,2012-09-30,USD,0.0,33225000.0,6549000.0,6549000.0,2463000.0,21140000.0,1870000.0,0.0,0,0,0,563000.0,0,0,0,0,2082000.0,868000.0,0,0.0,0,0.0,0,1214000.0
FMI,2013-09-30,USD,5350000.0,8208000.0,2858000.0,2858000.0,-11124000.0,9486000.0,6988000.0,16474000.0,0,0,0,61000.0,0,-1278000,1086000,1086000,-12463000.0,0.0,0,-12463000.0,-12463000,-11124000.0,-10038000,-12463000.0
FMR,2006-09-30,USD,0.0,33576000.0,18950000.0,18950000.0,14021000.0,0.0,0.0,0.0,0,0,0,2841000.0,0,0,0,0,10844000.0,3918000.0,0,0.0,0,0.0,0,6926000.0
FMSA,2014-09-30,USD,135112000.0,373479000.0,228583000.0,229887000.0,114930000.0,29954000.0,0.0,29954000.0,0,-16567000,0,16567000.0,0,-2206000,0,0,75598000.0,21436000.0,0,54162000.0,0,114930000.0,0,54077000.0
FMTX,2020-06-30,USD,0.0,0.0,0.0,0.0,-26959000.0,6448000.0,20511000.0,26959000.0,0,895000,895000,0.0,0,0,0,0,-28678000.0,-3238000.0,0,-25440000.0,0,-24095000.0,0,-25440000.0
FOGO,2015-06-30,USD,20150000.0,68210000.0,48060000.0,48060000.0,-8444000.0,25038000.0,0.0,28594000.0,0,0,0,3813000.0,0,7000,0,0,-12100000.0,-14616000.0,0,2516000.0,0,-8437000.0,0,2461000.0
FPH,2017-03-31,USD,9207000.0,92303000.0,83096000.0,83096000.0,-20248000.0,27175000.0,0.0,29455000.0,0,0,0,0.0,0,-2876000,0,0,-23124000.0,0.0,0,-23124000.0,-7828000,-23124000.0,0,-7842000.0
FRF,2010-12-31,USD,0.0,50115000.0,39992000.0,39992000.0,8831000.0,0.0,0.0,0.0,0,0,0,2342000.0,0,0,0,0,6392000.0,1831000.0,0,0.0,0,0.0,0,4510000.0
FRLN,2020-06-30,USD,0.0,0.0,0.0,0.0,0.0,0.0,0.0,0.0,0,0,0,0.0,0,0,0,0,0.0,0.0,0,0.0,0,0.0,0,0.0
FRSH,2014-04-30,USD,13454000.0,23117000.0,8411000.0,8411000.0,812000.0,10283000.0,0.0,12623000.0,0,0,0,2316000.0,0,-1234000,0,0,-2719000.0,-1112000.0,0,-1607000.0,0,-422000.0,0,-1607000.0
FRTA,2016-09-30,USD,101313000.0,409376000.0,339819000.0,339819000.0,42499000.0,62355000.0,0.0,60760000.0,0,-31756000,0,31756000.0,0,0,16300000,0,16522000.0,8154000.0,31756000,4368000.0,9163000,42499000.0,0,8368000.0
FSACU,2017-06-30,USD,0.0,0.0,0.0,0.0,0.0,0.0,0.0,0.0,0,0,0,0.0,0,0,0,0,-1686.0,0.0,0,-1686.0,0,0.0,0,-1686.0
FSLY,2019-06-30,USD,25389000.0,46173000.0,20784000.0,20784000.0,-11681000.0,25826000.0,11244000.0,37070000.0,0,-2128000,861000,2989000.0,0,-1696000,3900000,0,-15505000.0,82000.0,0,-15587000.0,-15594000,-11681000.0,0,-15587000.0
FTCH,2018-09-30,USD,67387000.0,134541000.0,67154000.0,67154000.0,-76800000.0,138173000.0,19034000.0,144192000.0,0,0,0,-537000.0,0,0,0,0,-76072000.0,1183000.0,0,-77255000.0,0,-70146000.0,0,-77255000.0
FTHM,2020-06-30,USD,2331965.0,38688744.0,36356779.0,36356779.0,184457.0,2147508.0,0.0,2147508.0,0,-32659,0,32659.0,0,10000,8000,0,161798.0,1000.0,0,160798.0,0,184457.0,0,160798.0
FTSV,2018-06-30,USD,0.0,0.0,0.0,0.0,-16958000.0,16861000.0,15853000.0,16958000.0,0,0,0,0.0,0,0,0,0,-16722000.0,0.0,0,-16722000.0,0,-16958000.0,0,-16722000.0
FUEL,2013-09-30,USD,30581000.0,62458000.0,30176000.0,30176000.0,-4246000.0,30363000.0,4464000.0,34827000.0,0,0,0,251000.0,0,-2230000,0,0,-6727000.0,133000.0,0,-6860000.0,0,-6476000.0,0,-6860000.0
FUSN,2020-06-30,USD,0.0,0.0,0.0,0.0,-7261000.0,3988000.0,3325000.0,7261000.0,0,22000,22000,0.0,0,0,0,0,-44583000.0,150000.0,0,-44733000.0,0,-1098000.0,0,-44733000.0
FUTU,2019-03-31,HKD,175158000.0,236449000.0,61291000.0,61291000.0,62304000.0,59429000.0,0.0,112854000.0,0,87448000,107873000,20425000.0,0,0,0,0,61377000.0,15836000.0,0,45541000.0,0,0.0,0,45541000.0
FVRR,2019-06-30,USD,20607000.0,25912000.0,5305000.0,5305000.0,-9323000.0,21473000.0,8457000.0,29930000.0,0,-10000,-10000,-10000.0,0,0,0,0,-9333000.0,20000.0,0,-9353000.0,0,-8413000.0,0,-9353000.0
GBIO,2020-06-30,USD,0.0,0.0,0.0,0.0,-17764000.0,4308000.0,13456000.0,17764000.0,0,33000,0,0.0,0,0,0,0,-17731000.0,0.0,0,-17731000.0,0,-16939000.0,0,-17731000.0
GDS,2016-09-30,USD,65642000.0,44333000.0,23897000.0,23897000.0,1836000.0,9299000.0,321000.0,132102000.0,0,0,0,-32892000.0,0,0,0,0,0.0,-4626000.0,0,0.0,0,126054000.0,0,61424000.0
GFL,2020-03-31,USD,79021000.0,931324000.0,852303000.0,852303000.0,-76100000.0,149189000.0,0.0,155059000.0,0,-269409000,-287000000,269409000.0,0,0,0,0,-365700000.0,-87726000.0,0,-277950000.0,0,-430880000.0,0,-278000000.0
GHG,2018-03-31,USD,22264524.96,196000000.0,10367179.68,10367179.68,19387718.18,94600000.0,0.0,13243986.47,0,0,0,-86279.12,0,0,0,0,19168499.8,4811467.4,0,14357032.4,0,113200000.0,0,14361732.51
GHIVU,2019-12-31,USD,0.0,0.0,0.0,0.0,-17785.0,16672.0,0.0,17785.0,0,0,0,0.0,0,0,0,0,-17771.0,0.0,0,-17771.0,0,-17785.0,0,-17771.0
GHSI,2019-03-31,USD,149046.0,194464.0,93492.0,93492.0,-1181493.0,1301511.0,29028.0,1330539.0,0,-17572,-17570,17572.0,242538,0,0,68102,-1388830.0,0.0,17572,-977887.0,-977887,-1181493.0,-1113391,-1385099.0
GH,2018-09-30,USD,21692000.0,21692000.0,10051000.0,10051000.0,-24205000.0,21593000.0,14253000.0,45897000.0,0,0,0,304000.0,0,43000,1700000,0,-24458000.0,0.0,0,-23508000.0,-24297000,-24205000.0,0,-24458000.0
GIMO,2013-06-30,USD,23554000.0,32409000.0,8855000.0,8206000.0,-32345000.0,55899000.0,17097000.0,55899000.0,0,0,0,0.0,0,0,0,0,0.0,-22569000.0,0,0.0,0,0.0,0,-9793000.0
GI,2015-06-30,USD,0.0,18642000.0,10874000.0,10874000.0,0.0,18167000.0,4623000.0,0.0,0,0,0,1503000.0,0,0,0,0,0.0,280000.0,0,0.0,0,0.0,0,0.0
GLBL,2015-06-30,USD,0.0,25681000.0,4120000.0,4120000.0,11442000.0,6783000.0,0.0,0.0,0,0,0,28186000.0,0,0,0,0,0.0,0.0,0,0.0,0,0.0,0,0.0
GMAB,2019-06-30,DKK,31.97,773914000.0,0.0,0.0,137167000.0,73371000.0,563376000.0,636747000.0,0,-26639000,-26639000,-1.1,0,0,0,0,110528000.0,25643000.0,0,84885000.0,0,137167000.0,0,84885000.0
GMDA,2018-09-30,USD,0.0,0.0,0.0,0.0,-7570000.0,2438000.0,5132000.0,7570000.0,0,0,0,-2356000.0,0,0,0,0,-9822000.0,0.0,0,-9822000.0,0,-12028000.0,0,-9822000.0
GNLN,2019-03-31,USD,8986785.0,49897604.0,40910819.0,40910819.0,-5163541.0,13466000.0,0.0,14150326.0,0,-601880,-12665000,601880.0,0,-12489143,357000,684077,-17652684.0,11665.0,0,-17664349.0,0,-5163541.0,-4479464,-17664349.0
GNPX,2018-03-31,USD,0.0,0.0,0.0,0.0,-686631.0,634063.0,51621.0,686631.0,0,0,0,7398.0,0,28,0,0,-694001.0,0.0,0,-694001.0,0,-685656.0,0,-694001.0
GNRSU,2019-12-31,USD,0.0,0.0,0.0,0.0,-2200.0,0.0,0.0,0.0,0,0,0,0.0,0,0,0,0,-2200.0,0.0,0,0.0,0,0.0,0,-2200.0
GNRT,2015-06-30,USD,92734000.0,116480000.0,23746000.0,23746000.0,29621000.0,52102000.0,0.0,63298000.0,0,0,0,3513000.0,0,-6022000,0,0,19901000.0,0.0,0,19901000.0,0,23414000.0,0,19901000.0
GOED,2020-06-30,USD,2599873.0,15285031.0,12685158.0,12685158.0,-60230.0,2568313.0,0.0,15345261.0,0,-762919,1062,234908.0,0,0,0,0,-4705781.0,-688953.0,0,-4016828.0,0,-493571.0,0,-4016828.0
GOMO,2013-12-31,USD,0.0,16740000.0,4197000.0,4197000.0,3655000.0,8888000.0,2883000.0,0.0,0,0,0,0.0,0,0,0,0,3706000.0,0.0,0,0.0,0,0.0,0,5202000.0
GOOS,2017-03-31,USD,68943138.29,38380530.31,17506196.95,17506196.95,-11877112.6,30039059.57,0.0,158144670.62,0,0,0,3013595.73,0,0,0,0,-17041237.89,-3935251.26,0,-13105986.63,0,-11877112.6,0,-13105986.63
GRCYU,2020-06-30,USD,0.0,0.0,0.0,0.0,-1203.0,1203.0,0.0,1203.0,0,0,0,0.0,0,0,0,0,-1203.0,0.0,0,-1203.0,0,-1203.0,0,-1203.0
GRIL,2019-12-31,USD,-1615698.0,-337941.0,1277757.0,1415340.0,-883615.0,676032.0,0.0,2837404.0,0,-1615698,0,1615698.0,1277757,-2841,74235,90318,-23010130.0,0.0,1615698,-23010130.0,-23010130,-883615.0,-793297,-23010130.0
GRM,2009-12-31,USD,0.0,534666000.0,408685000.0,408685000.0,57469000.0,28912000.0,9900000.0,0.0,0,0,0,50742000.0,0,0,0,0,0.0,5193000.0,0,0.0,0,0.0,0,0.0
GRNVU,2019-12-31,USD,0.0,0.0,0.0,0.0,-107938.0,107938.0,0.0,107938.0,0,93286,93286,0.0,0,0,0,0,-16303.0,0.0,0,-12879.0,0,-107938.0,0,-12879.0
GSHD,2018-03-31,USD,14588881.0,14589000.0,6835425.0,6835425.0,4763000.0,9209046.0,0.0,9825669.0,0,0,0,995402.0,0,0,0,0,3767810.0,0.0,0,3767810.0,0,4763000.0,0,3767810.0
GSUM,2016-09-30,USD,0.0,14803000.0,817000.0,817000.0,0.0,15367000.0,5965000.0,0.0,0,0,0,0.0,0,0,0,0,0.0,0.0,0,0.0,0,0.0,0,0.0
GSX,2019-06-30,CNY,439600000.0,622834000.0,183234000.0,183234000.0,58953000.0,309077000.0,41128000.0,380647000.0,0,3990000,5106000,0.0,0,0,0,0,64683000.0,4539000.0,0,16374000.0,0,69928000.0,0,50265000.0
GTES,2017-12-31,USD,302000000.0,781800000.0,479800000.0,425800000.0,91900000.0,191600000.0,68600000.0,3245600000.0,0,0,0,55600000.0,0,-12100000,0,0,13400000.0,-105400000.0,0,60700000.0,114100000,91900000.0,0,118800000.0
GTHX,2017-06-30,USD,0.0,0.0,0.0,0.0,-15379000.0,1712000.0,13667000.0,15379000.0,0,0,0,0.0,0,185000,0,0,-15194000.0,0.0,0,-15194000.0,0,-15194000.0,0,-15194000.0
GTH,2020-06-30,CNY,64223000.0,101735000.0,37512000.0,37512000.0,-52876000.0,88524000.0,29845000.0,-1270000.0,0,-629000,198000,827000.0,0,0,0,0,-2832363000.0,0.0,0,-2832363000.0,0,-2831269000.0,0,-2832363000.0
HABT,2014-12-31,USD,37277000.0,48353000.0,38567000.0,38567000.0,1290000.0,6015000.0,0.0,165105000.0,0,0,0,153000.0,0,0,0,0,943000.0,299000.0,0,7552000.0,0,9514000.0,0,-32000.0
HAPP,2019-09-30,USD,32247070.0,63936190.0,31689120.0,31689120.0,9822250.0,8242490.0,567253.0,10404190.0,0,0,-13050,-21443.0,0,0,0,0,9904450.0,740577.0,0,4211649.0,0,22217890.0,0,8423300.0
HARP,2018-12-31,USD,-7655000.0,1063000.0,8717000.0,8717000.0,-9869000.0,2215000.0,8717000.0,10932000.0,0,0,0,0.0,0,-8000,0,300000,-9731000.0,0.0,0,-9731000.0,-9732000,-9869000.0,-9569000,-9729000.0
HAWK,2013-03-31,USD,185050000.0,185050000.0,43358000.0,43358000.0,300000.0,168829000.0,0.0,184750000.0,0,0,0,0.0,0,277000,0,0,577000.0,318000.0,0,259000.0,0,577000.0,0,346000.0
HCCOU,2019-12-31,USD,0.0,0.0,0.0,0.0,-96257.0,96257.0,0.0,96257.0,0,137528,137528,0.0,0,0,0,0,28305.0,0.0,0,22272.0,0,-96257.0,0,22272.0
HCDI,2020-09-30,USD,622600.0,7806500.0,7183900.0,7183900.0,-835600.0,0.0,0.0,8642100.0,0,-163900,0,163900.0,0,0,0,0,-1011900.0,-571600.0,0,-440300.0,0,-636200.0,0,-437100.0
HDP,2014-12-31,USD,0.0,12660000.0,58394000.0,58394000.0,0.0,46281000.0,11501000.0,0.0,0,0,0,0.0,0,0,0,0,0.0,85000.0,0,0.0,0,0.0,0,0.0
HHHHU,2018-12-31,USD,0.0,0.0,0.0,0.0,-60840.0,0.0,0.0,0.0,0,0,0,0.0,0,0,0,0,-60840.0,0.0,0,0.0,0,0.0,0,-60840.0
HHR,2019-03-31,RUB,1198300000.0,1678400000.0,480200000.0,480200000.0,579793000.0,436500000.0,0.0,618400000.0,0,-141623000,26207000,167830000.0,0,0,0,0,415529000.0,176782000.0,0,238747000.0,0,387000000.0,0,209391000.0
HIFR,2014-12-31,USD,99335000.0,45044000.0,9255000.0,9255000.0,30003000.0,5786000.0,0.0,51976000.0,0,0,0,8377000.0,0,0,0,0,4057000.0,297000.0,0,29780000.0,0,82439000.0,0,2924000.0
HIRE,2007-06-30,USD,0.0,18576000.0,8813000.0,8813000.0,3127000.0,6315000.0,1023000.0,0.0,0,0,0,0.0,0,0,0,0,3243000.0,1343000.0,0,0.0,0,0.0,0,1900000.0
HKIB,2019-06-30,HKD,286727894.0,196022160.0,25639284.0,25639284.0,258668974.0,28003280.0,0.0,53698204.0,0,-5433843,110927830,5417177.0,0,0,0,0,252684655.0,33013010.0,0,219671645.0,0,363612490.0,0,219671645.0
HOTH,2019-03-31,USD,0.0,0.0,0.0,0.0,-829370.0,621990.0,144750.0,829365.0,0,0,0,0.0,0,0,0,0,-829370.0,0.0,0,-829365.0,0,-829063.0,0,-829370.0
HPTX,2012-06-30,USD,0.0,0.0,0.0,0.0,0.0,4753000.0,2732000.0,0.0,0,0,0,1282000.0,0,0,0,0,0.0,0.0,0,0.0,0,0.0,0,0.0
HUD,2017-12-31,USD,1085500000.0,450400000.0,168900000.0,168900000.0,12100000.0,240200000.0,0.0,1731600000.0,0,0,0,7500000.0,0,0,0,0,100000.0,34900000.0,0,-26000000.0,0,39100000.0,0,-53900000.0
HUIZ,2019-12-31,CNY,97827000.0,258263000.0,160436000.0,160436000.0,-7757000.0,95904000.0,11825000.0,108172000.0,0,-1521000,115000,-75000.0,0,0,0,0,-7774000.0,-319000.0,0,-7545000.0,0,-6688000.0,0,-7545000.0
HUYA,2018-03-31,USD,20866013.85,134317649.87,113451636.02,113451636.02,4482286.44,9827720.72,8193296.71,129835363.43,0,0,0,0.0,0,0,0,0,4289945.07,-710771.44,0,5000716.5,0,4482286.44,0,5000716.5
HYRE,2018-06-30,USD,1076952.0,2273499.0,1196547.0,1196547.0,-3169681.0,3949675.0,296958.0,4246633.0,0,0,0,1874685.0,0,2081,0,0,-5042285.0,0.0,0,-5042285.0,0,-3169681.0,0,-5042285.0
IBEX,2020-06-30,USD,31871000.0,100880000.0,69009000.0,69009000.0,2303000.0,15313000.0,0.0,8019000.0,0,-2238000,0,-4737000.0,0,0,0,0,-2972000.0,833000.0,0,-3805000.0,0,-1697000.0,0,-3805000.0
ICEL,2013-06-30,USD,0.0,2812000.0,7531000.0,7531000.0,0.0,0.0,3911000.0,0.0,0,0,0,4000.0,0,0,0,0,0.0,0.0,0,0.0,0,0.0,0,0.0
ICLK,2017-12-31,USD,9720000.0,39760000.0,30050000.0,30050000.0,-11379000.0,14030000.0,1200000.0,15540000.0,0,0,0,130000.0,0,0,0,0,-30330000.0,49000.0,0,-30098500.0,0,-10610000.0,0,-30980000.0
IFRX,2017-09-30,USD,0.0,0.0,0.0,0.0,-12345000.0,4132000.0,3299000.0,12345000.0,0,0,0,1070000.0,0,0,0,0,-15460000.0,0.0,0,-15460000.0,0,-12345000.0,0,-15460000.0
IGMS,2019-09-30,USD,-4323000.0,0.0,4323000.0,4323000.0,-10673000.0,2394000.0,8279000.0,10673000.0,0,0,0,0.0,0,0,0,0,-10172000.0,0.0,0,-10172000.0,0,-9313000.0,0,-10172000.0
IIIV,2018-06-30,USD,21619000.0,84536000.0,62917000.0,55705000.0,2923000.0,10696000.0,0.0,14847000.0,0,-2644000,0,2644000.0,0,-242000,0,0,128000.0,692000.0,0,-655000.0,0,2923000.0,0,-564000.0
IMAB,2019-12-31,CNY,0.0,30000000.0,0.0,0.0,-333471000.0,654553000.0,262038000.0,333471000.0,0,7217000,7742000,525000.0,0,0,0,0,-348570000.0,0.0,0,-348570000.0,0,-1413367000.0,0,-348570000.0
IMDZ,2014-06-30,USD,0.0,1064000.0,5690000.0,5690000.0,-10200000.0,0.0,3883000.0,0.0,0,0,0,0.0,0,0,0,0,0.0,0.0,0,0.0,0,0.0,0,-14349000.0
IMPR,2014-06-30,USD,16358000.0,23234000.0,6875000.0,6875000.0,-3460000.0,13527000.0,6291000.0,19818000.0,0,0,0,0.0,0,-31000,0,0,-3491000.0,61000.0,0,-3552000.0,0,-3491000.0,0,-3552000.0
IMRA,2020-03-31,USD,0.0,0.0,0.0,0.0,-7352000.0,1559000.0,5793000.0,7352000.0,0,132000,132000,0.0,0,0,0,0,-7215000.0,0.0,0,-7215000.0,0,-7328000.0,0,-7215000.0
IMS,2014-03-31,USD,0.0,645000000.0,298000000.0,298000000.0,75000000.0,165000000.0,0.0,0.0,0,0,0,89000000.0,0,0,0,0,0.0,0.0,0,0.0,0,0.0,0,0.0
INAQU,2020-09-30,USD,0.0,0.0,0.0,0.0,-85001.0,0.0,0.0,85001.0,0,1386,1386,0.0,0,0,0,0,-83615.0,0.0,0,-83615.0,0,-85001.0,0,-83615.0
INDO,2019-12-31,USD,0.0,0.0,0.0,0.0,0.0,0.0,0.0,0.0,0,0,0,0.0,0,0,0,0,0.0,0.0,0,0.0,0,0.0,0,0.0
INDUU,2017-06-30,USD,0.0,0.0,0.0,0.0,-45000.0,1674946.0,0.0,0.0,0,0,0,0.0,0,0,0,0,-874.0,0.0,0,-874.0,0,0.0,0,-874.0
INMD,2019-06-30,USD,33922000.0,38797000.0,4875000.0,4875000.0,15727000.0,16611000.0,1584000.0,23070000.0,0,382000,382000,0.0,0,0,0,0,16109000.0,274000.0,0,15835000.0,0,15801000.0,0,15797000.0
INNL,2014-06-30,USD,0.0,1791000.0,1892000.0,1892000.0,0.0,3921000.0,732000.0,0.0,0,0,0,0.0,0,0,0,0,0.0,90000.0,0,0.0,0,0.0,0,0.0
INSP,2018-03-31,USD,7748000.0,10042000.0,2294000.0,2294000.0,7748000.0,11213000.0,1730000.0,12943000.0,0,0,0,213000.0,0,-19000,0,90000,-6501000.0,0.0,1385000,-6501000.0,7748000,7748000.0,-5105000,-6501000.0
INST,2015-09-30,USD,14100000.0,20894000.0,6794000.0,5983000.0,-10103000.0,24200000.0,6525000.0,24203000.0,0,0,0,28000.0,0,-52000,737000,0,-10186000.0,26000.0,0,0.0,-10212000,-10103000.0,0,-10212000.0
INVN,2011-12-31,USD,0.0,41229000.0,18025000.0,18025000.0,13506000.0,9185000.0,4758000.0,0.0,0,0,0,0.0,0,0,0,0,13463000.0,2887000.0,0,0.0,0,0.0,0,10576000.0
INZY,2020-06-30,USD,0.0,0.0,0.0,0.0,-9548000.0,1671000.0,7877000.0,9548000.0,0,71000,71000,0.0,0,0,0,0,-9473000.0,0.0,0,-9473000.0,0,-9522000.0,0,-9473000.0
IOTS,2015-09-30,USD,5033000.0,11143000.0,6110000.0,5764000.0,-1229000.0,5953000.0,3217000.0,6262000.0,0,0,0,336000.0,0,494000,0,300000,-1071000.0,5000.0,0,0.0,-1031000,-735000.0,-435000,-1076000.0
IQ,2018-03-31,USD,4631159.94,776579094.02,771947934.08,771947934.08,-169171244.33,112130722.08,61671682.19,945750338.35,0,0,0,-1325531.41,0,0,0,0,-63090995.94,81044.5,0,-63172040.44,0,-169171244.33,0,-63003423.29
IRTC,2016-09-30,USD,11498000.0,16780000.0,5282000.0,5282000.0,-2666000.0,12529000.0,1635000.0,14164000.0,0,0,0,807000.0,0,-602000,0,210000,0.0,0.0,0,-4075000.0,-1687000,-2666000.0,-2456000,-4075000.0
ISS,2010-12-31,USD,0.0,62915000.0,37520000.0,37520000.0,4792000.0,18630000.0,1335000.0,0.0,0,0,0,2161000.0,0,0,0,0,0.0,0.0,0,0.0,0,0.0,0,0.0
ITEK,2015-03-31,USD,0.0,0.0,0.0,0.0,0.0,3049000.0,1069000.0,0.0,0,0,0,474000.0,0,0,0,0,0.0,0.0,0,0.0,0,0.0,0,0.0
ITOS,2020-06-30,USD,0.0,0.0,0.0,0.0,-7264000.0,2394000.0,6137000.0,-1081000.0,0,0,0,0.0,0,0,0,0,-7252000.0,-50000.0,0,-7202000.0,0,-7135000.0,0,-7202000.0
ITRM,2018-06-30,USD,185000.0,185000.0,15578000.0,15578000.0,-15426000.0,1886000.0,13725000.0,15611000.0,0,0,0,76000.0,0,-177000,0,0,-15679000.0,68000.0,0,-15747000.0,0,-15603000.0,0,-15747000.0
IVTY,2015-06-30,USD,2811000.0,4747000.0,1936000.0,1936000.0,-8866000.0,9820000.0,1857000.0,11677000.0,0,0,0,504000.0,0,24000,0,0,-9346000.0,0.0,0,-9346000.0,0,-8866000.0,0,-9346000.0
JAMF,2020-06-30,USD,48584000.0,62231000.0,13647000.0,13647000.0,4216000.0,26805000.0,11929000.0,44368000.0,0,-4690000,0,4690000.0,0,36000,0,0,-451000.0,-28000.0,0,-423000.0,0,4216000.0,0,-423000.0
JFIN,2019-03-31,CNY,612897000.0,731331000.0,118434000.0,118434000.0,294657000.0,220724000.0,53722000.0,318240000.0,0,-482000,-482000,-0.02,0,0,0,0,297694000.0,43479000.0,0,254215000.0,0,297212000.0,0,254215000.0
JFKKU,2019-04-30,USD,0.0,0.0,0.0,0.0,-58380.0,58376.0,0.0,58376.0,0,485,490,0.0,0,0,0,0,-57890.0,0.0,0,-57891.0,0,-58376.0,0,-57890.0
JG,2018-06-30,USD,47000000.0,165100000.0,118100000.0,118100000.0,-3246850.63,37100000.0,4740701.86,68700000.0,0,0,0,-285092.98,0,0,0,0,-1774745.05,0.0,0,-1774745.05,0,-3900000.0,0,-1774745.05
JMEI,2014-06-30,USD,0.0,154359000.0,82843000.0,82843000.0,21071000.0,50445000.0,0.0,0.0,0,0,0,0.0,0,0,0,0,24765000.0,5587000.0,0,0.0,0,0.0,0,19178000.0
JMIA,2019-03-31,EUR,15666000.0,31842000.0,16176000.0,16176000.0,-45498000.0,40090000.0,16536545.87,61164000.0,0,-200000,-225000,800000.0,0,0,0,0,-45722000.0,100000.0,0,-45800000.0,0,-45160000.0,0,-45735000.0
JPEP,2014-09-30,USD,0.0,428591000.0,409710000.0,409710000.0,0.0,11315000.0,0.0,0.0,0,0,0,2406000.0,0,0,0,0,0.0,0.0,0,0.0,0,0.0,0,0.0
JT,2017-12-31,USD,523400000.0,584600000.0,61300000.0,61300000.0,-155441500.0,567000000.0,11682000.0,641200000.0,0,0,0,0.0,0,0,0,0,-155475000.0,2883000.0,0,-178380500.0,0,-155441500.0,0,-178380500.0
KAACU,2017-03-31,GBP,0.0,0.0,0.0,0.0,-553473.0,531973.0,0.0,553473.0,0,0,0,0.0,0,0,0,0,-281461.0,85175.0,0,-366635.0,0,-553473.0,0,-366635.0
KANG,2014-03-31,USD,0.0,29542000.0,20170000.0,20170000.0,0.0,13179000.0,308000.0,0.0,0,0,0,293000.0,0,0,0,0,0.0,0.0,0,0.0,0,0.0,0,0.0
KC,2020-03-31,CNY,70771000.0,1390963000.0,1320192000.0,1320192000.0,-288824000.0,163945000.0,195650000.0,359595000.0,0,8211000,10095000,1884000.0,0,0,0,0,-325818000.0,5829000.0,0,-331647000.0,0,-357247000.0,0,-331341000.0
KDMN,2016-06-30,USD,5538000.0,6420000.0,882000.0,882000.0,-21875000.0,18869000.0,8544000.0,27413000.0,0,0,0,9084000.0,0,-18000,0,584000,-36712000.0,-315000.0,0,-36712000.0,0,-21875000.0,-21291000,-36712000.0
KH,2010-06-30,USD,0.0,8607000.0,2849000.0,2849000.0,3591000.0,2167000.0,175000.0,0.0,0,0,0,0.0,0,0,0,0,3662000.0,0.0,0,0.0,0,0.0,0,4108000.0
KIDS,2017-09-30,USD,9491000.0,12375000.0,2884000.0,2884000.0,-756000.0,9120000.0,1127000.0,10247000.0,0,-762000,0,761000.0,0,-20000,0,0,-1537000.0,0.0,0,-1537000.0,-1416000,-756000.0,0,-1537000.0
KING,2014-03-31,USD,0.0,606709000.0,195996000.0,195996000.0,165542000.0,242406000.0,46757000.0,0.0,0,0,0,268000.0,0,0,0,0,161211000.0,34012000.0,0,0.0,0,0.0,0,127199000.0
KITE,2014-06-30,USD,0.0,0.0,11092000.0,11092000.0,0.0,0.0,7424000.0,0.0,0,0,0,153000.0,0,0,0,0,0.0,0.0,0,0.0,0,0.0,0,0.0
KNSA,2018-06-30,USD,0.0,0.0,0.0,0.0,-21527000.0,4327000.0,17200000.0,-21527000.0,0,0,0,0.0,0,1066000,0,0,-20461000.0,-202000.0,0,-20259000.0,0,-20461000.0,0,-20259000.0
KNSL,2016-06-30,USD,16220000.0,33676000.0,17456000.0,17456000.0,9253000.0,486000.0,0.0,6967000.0,0,0,0,0.0,0,0,0,0,9253000.0,3196000.0,0,6057000.0,8947000,9253000.0,0,6057000.0
KRKR,2019-09-30,CNY,55086000.0,130923000.0,75837000.0,75837000.0,-22781000.0,69172000.0,8695000.0,66413000.0,0,0,880000,0.0,0,0,0,0,-9985000.0,2383000.0,0,-12368000.0,0,-9367000.0,0,-11153000.0
KROS,2020-03-31,USD,0.0,0.0,0.0,0.0,-10504000.0,1977000.0,8527000.0,10504000.0,0,-2000,-1492000,2000.0,0,0,0,0,-12064000.0,-172000.0,0,-11892000.0,0,-11999000.0,0,-11892000.0
KRTX,2019-06-30,USD,0.0,0.0,0.0,0.0,-15070000.0,8286000.0,6784000.0,15070000.0,0,-70000,452000,522000.0,0,0,0,0,-15140000.0,0.0,0,-15140000.0,0,-14606000.0,0,-15140000.0
KTWO,2014-03-31,USD,27837000.0,42251000.0,14414000.0,14414000.0,-13698000.0,41535000.0,3197000.0,41535000.0,0,0,0,1247000.0,0,222000,0,0,-14723000.0,24000.0,0,-14747000.0,0,-13476000.0,0,-14747000.0
KYAK,2012-06-30,USD,0.0,76938000.0,4807000.0,4807000.0,15751000.0,54330000.0,0.0,0.0,0,0,0,0.0,0,0,0,0,15185000.0,7897000.0,0,0.0,0,0.0,0,7288000.0
KYTH,2012-09-30,USD,0.0,17763000.0,16172000.0,16172000.0,-5135000.0,0.0,13923000.0,0.0,0,0,0,78000.0,0,0,0,0,-4506000.0,0.0,0,0.0,0,0.0,0,-4506000.0
LAIX,2018-09-30,USD,132386000.0,180454000.0,48068000.0,48068000.0,-19505015.36,225870000.0,5895267.07,266364000.0,0,0,0,0.0,0,0,0,0,-19912504.19,824295.01,0,-20736799.2,0,-139294000.0,0,-20736799.2
LASR,2018-03-31,USD,14729000.0,42467000.0,27738000.0,27738000.0,14729000.0,6238000.0,4283000.0,10521000.0,0,0,0,219000.0,0,76000,1400000,0,4065000.0,1149000.0,0,2916000.0,14729000,14729000.0,0,14729000.0
LAUR,2016-12-31,USD,1120033000.0,1175893000.0,919304000.0,917518000.0,170980000.0,713675000.0,0.0,3837834000.0,5365000,0,0,107553000.0,0,1874000,0,0,71063000.0,29755000.0,0,366186000.0,-26522000,170980000.0,0,41308000.0
LBRT,2017-12-31,USD,346865000.0,448883000.0,339315000.0,339315000.0,63028000.0,21236000.0,0.0,1301202000.0,0,0,0,5347000.0,0,0,0,0,57681000.0,38149000.0,0,136637000.0,0,63028000.0,0,57681000.0
LDIS,2004-06-30,USD,0.0,41325000.0,25969000.0,25969000.0,10130000.0,5134000.0,3083000.0,0.0,0,0,0,0.0,0,0,0,0,10194000.0,3982000.0,0,0.0,0,0.0,0,6212000.0
LDRH,2013-09-30,USD,23102000.0,27195000.0,4093000.0,4093000.0,-906000.0,21535000.0,2473000.0,24008000.0,0,0,0,1516000.0,0,-4736000,0,0,-7681000.0,303000.0,0,-7984000.0,0,-5642000.0,0,-7984000.0
LEGH,2018-12-31,USD,10730000.0,34638000.0,23908000.0,23908000.0,4111000.0,6249000.0,0.0,30527000.0,0,0,0,480000.0,0,40000,0,0,3672000.0,894000.0,0,2778000.0,0,4111000.0,0,2778000.0
LEGN,2020-06-30,USD,0.0,11600000.0,0.0,0.0,-56032000.0,14065000.0,53567000.0,67632000.0,0,-88000,0,88000.0,0,0,0,0,-134876000.0,0.0,0,-134876000.0,0,-134788000.0,0,-134876000.0
LEVI,2019-02-24,USD,782808000.0,1416914000.0,651650000.0,651650000.0,200912000.0,581896000.0,0.0,581896000.0,0,-17544000,4011000,17544000.0,1434458000,-1646000,0,0,181848000.0,35271000.0,17544000,146451000.0,146577000,200912000.0,0,146577000.0
LINX,2019-06-30,BRL,129234000.0,192651000.0,63417000.0,63417000.0,24411000.0,91130000.0,20113000.0,168240000.0,0,-1687000,6439000,5009000.0,0,0,0,0,15687000.0,3219000.0,0,12468000.0,0,52286000.0,0,12468000.0
LIVKU,2019-12-31,USD,0.0,0.0,0.0,0.0,-103585.0,103585.0,0.0,103585.0,0,49785,49785,0.0,0,0,0,0,-67402.0,0.0,0,-67402.0,0,-103585.0,0,-67402.0
LIZI,2019-12-31,CNY,64443000.0,365278000.0,300835000.0,300835000.0,-28651000.0,43861000.0,52303000.0,96164000.0,0,37000,43000,0.0,0,0,0,0,-28950000.0,0.0,0,-28950000.0,0,-24886000.0,0,-28950000.0
LI,2020-06-30,CNY,259703000.0,1947238000.0,1687535000.0,1687535000.0,-176280000.0,234543000.0,201440000.0,2123518000.0,0,10242000,31538000,21296000.0,0,0,0,0,-75162000.0,0.0,0,-75162000.0,0,-137902000.0,0,-75162000.0
LMND,2020-06-30,USD,0.0,29900000.0,0.0,0.0,0.0,26100000.0,4200000.0,50600000.0,0,0,100000,0.0,0,0,0,0,-20700000.0,300000.0,0,-21000000.0,-20800000,0.0,0,-21000000.0
LMNS,2014-03-31,USD,0.0,65804000.0,29629000.0,29629000.0,2466000.0,32121000.0,6268000.0,0.0,0,0,0,59000.0,0,0,0,0,0.0,664000.0,0,0.0,0,0.0,0,0.0
LMPX,2019-12-31,USD,247874.0,3032480.0,2784606.0,2784606.0,-648305.0,758051.0,0.0,-8344414.0,0,-23233,-23230,25206.0,0,0,0,0,-572195.0,0.0,0,-572195.0,0,-273426.0,0,-572195.0
LN,2016-06-30,USD,11522000000.0,359759000.0,279087000.0,279087000.0,41803000.0,25743000.0,0.0,30016000000.0,0,0,0,-17000000.0,0,0,0,0,67141000.0,35547000.0,0,0.0,0,3837000000.0,0,25991000.0
LOCK,2012-09-30,USD,52355000.0,72117000.0,18644000.0,18644000.0,6223000.0,36223000.0,7943000.0,46132000.0,0,0,0,854000.0,0,2562000,0,0,7931000.0,63000.0,0,7868000.0,0,8785000.0,0,7868000.0
LOMA,2017-09-30,USD,1038300947.0,211963000.0,145398000.0,145398000.0,43161000.0,15619000.0,0.0,3098819955.0,0,0,0,5064000.0,0,0,0,0,22705000.0,7330000.0,0,476116695.0,0,667921115.0,0,14430000.0
LOVE,2018-08-05,USD,17838570.0,33249012.0,15410442.0,15410442.0,-6819561.0,23899447.0,0.0,24658131.0,0,-435,0,435.0,0,0,0,758684,-6819996.0,149604.0,0,-6969600.0,0,-6819561.0,-6060877,-6969600.0
LPDX,2012-12-31,USD,0.0,13557000.0,2109000.0,2109000.0,297000.0,10821000.0,2556000.0,0.0,0,0,0,169000.0,0,0,0,0,193000.0,0.0,0,0.0,0,0.0,0,193000.0
LQDA,2018-06-30,USD,948537.0,1042879.0,94342.0,94342.0,-6960396.0,1991231.0,5917702.0,7908933.0,0,0,0,245711.0,0,937183,0,0,-6268924.0,0.0,0,-6268924.0,0,-6023213.0,0,-6268924.0
LRE,2011-09-30,USD,0.0,66208000.0,26312000.0,26312000.0,26178000.0,2187000.0,0.0,0.0,0,0,0,255000.0,0,0,0,0,25316000.0,0.0,0,0.0,0,0.0,0,25582000.0
LTHM,2018-09-30,USD,49500000.0,112000000.0,62500000.0,68100000.0,35500000.0,4700000.0,900000.0,8400000.0,0,0,0,-300000.0,0,0,0,0,35900000.0,5900000.0,0,30000000.0,28200000,35500000.0,0,30000000.0
LTRN,2020-06-30,USD,0.0,0.0,0.0,0.0,-833422.0,676399.0,157023.0,833422.0,0,0,0,0.0,0,0,0,0,-833422.0,0.0,0,-833422.0,0,-832756.0,0,-833422.0
LVGO,2019-06-30,USD,28003000.0,40886000.0,12883000.0,12883000.0,-14142000.0,31854000.0,10291000.0,55028000.0,0,0,0,0.0,0,0,0,0,-14239000.0,5000.0,0,-14244000.0,0,-12759000.0,0,-14244000.0
LX,2017-12-31,USD,1263982500.0,258493000.0,188773000.0,188773000.0,32045000.0,37675000.0,10871000.0,2657262500.0,0,0,0,-74506000.0,0,0,0,0,33156000.0,17244000.0,0,167271500.0,0,415937500.0,0,15912000.0
LYFT,2019-03-31,USD,313170000.0,776027000.0,462857000.0,650092000.0,-1156890000.0,651865000.0,630960000.0,1932917000.0,0,19654000,19654000,0.0,0,146000,0,0,-1137090000.0,1383000.0,0,-1138473000.0,-1136420000,-1156890000.0,0,-1138473000.0
LYRA,2020-03-31,USD,0.0,0.0,0.0,0.0,-4248000.0,1284000.0,2964000.0,4248000.0,0,16000,16000,0.0,0,0,0,0,-4232000.0,0.0,0,-4232000.0,0,-4240000.0,0,-4232000.0
MB,2015-06-30,USD,15951000.0,24760000.0,8809000.0,8809000.0,-8596000.0,19071000.0,5476000.0,24547000.0,0,0,0,266000.0,0,75000,0,0,-8787000.0,62000.0,0,-8849000.0,0,-8521000.0,0,-8849000.0
MCACU,2020-06-30,USD,0.0,0.0,0.0,0.0,-22749.0,22749.0,0.0,22749.0,0,4074,4074,0.0,0,0,0,0,-19846.0,0.0,0,-19600.0,0,-21578.0,0,-19600.0
MCOX,2010-09-30,USD,0.0,55335000.0,33340000.0,33340000.0,801000.0,20123000.0,0.0,0.0,0,0,0,0.0,0,0,0,0,975000.0,178000.0,0,0.0,0,0.0,0,797000.0
MCRN,2015-06-30,USD,104200000.0,301300000.0,190300000.0,190300000.0,19600000.0,70200000.0,0.0,84600000.0,0,0,0,18400000.0,0,-22200000,0,0,-21000000.0,6200000.0,0,-27200000.0,0,-2600000.0,0,-27200000.0
MCUR,2014-06-30,USD,0.0,0.0,0.0,0.0,0.0,4221000.0,3220000.0,0.0,0,0,0,0.0,0,0,0,0,0.0,38000.0,0,0.0,0,0.0,0,0.0
MDLA,2019-07-31,USD,60787000.0,95670000.0,34883000.0,34883000.0,-38452000.0,76546000.0,22693000.0,99239000.0,0,431000,431000,0.0,0,0,0,3500000,-37984000.0,300000.0,0,-38284000.0,-38914000,-38452000.0,-34952000,-38284000.0
MDRR,2018-12-31,USD,884224.0,1860580.0,976356.0,976356.0,-691389.0,1044330.0,0.0,2551969.0,0,0,0,-519510.0,0,0,0,0,-1479010.0,53151.0,0,-1532161.0,0,-691389.0,0,-1418849.0
MEC,2019-03-31,USD,19579000.0,143732000.0,124153000.0,124153000.0,6060000.0,8473000.0,0.0,137679000.0,0,-2832000,-2832000,2832000.0,0,0,4973000,0,3228000.0,769000.0,0,2460000.0,0,6060000.0,0,2459000.0
MEP,2013-09-30,USD,0.0,1380900000.0,1358000000.0,1358000000.0,0.0,0.0,0.0,0.0,0,0,0,5100000.0,0,0,0,0,0.0,600000.0,0,0.0,0,0.0,0,0.0
MERU,2010-03-31,USD,0.0,19619000.0,7095000.0,7095000.0,0.0,12513000.0,2777000.0,0.0,0,0,0,254000.0,0,0,0,0,0.0,50000.0,0,0.0,0,0.0,0,0.0
MFRM,2011-12-31,USD,0.0,189854000.0,108186000.0,108186000.0,16379000.0,60790000.0,0.0,0.0,0,0,0,3831000.0,0,0,0,0,7687000.0,0.0,0,0.0,0,0.0,0,17372000.0
MGTA,2018-06-30,USD,0.0,0.0,0.0,0.0,-14025000.0,4342000.0,9683000.0,-14025000.0,0,0,0,0.0,0,365000,0,0,-13660000.0,0.0,0,-13660000.0,0,-13660000.0,0,-13660000.0
MIME,2015-12-31,USD,-24314000.0,37130000.0,7916000.0,7916000.0,-1503000.0,28617000.0,5464000.0,0.0,0,0,0,227000.0,0,0,0,0,-2088000.0,51000.0,0,-2168000.0,0,-2256000.0,0,-2168000.0
MIRM,2019-06-30,USD,0.0,0.0,0.0,0.0,-14034000.0,2445000.0,11589000.0,14034000.0,0,468000,468000,0.0,0,0,0,0,-13557000.0,0.0,0,-13557000.0,0,-13946000.0,0,-13557000.0
MIST,2019-03-31,USD,0.0,0.0,0.0,0.0,-10930000.0,3165000.0,7765000.0,10930000.0,0,500000,500000,0.0,0,0,0,0,-10430000.0,22000.0,0,-10452000.0,0,-10927000.0,0,-10452000.0
MITO,2019-03-31,USD,0.0,0.0,0.0,0.0,-41485000.0,4157000.0,14328000.0,18485000.0,0,-4475000,-1693000,4683000.0,0,0,0,0,-43178000.0,0.0,0,-43178000.0,0,-18277000.0,0,-43178000.0
MKD,2019-12-31,CNY,35120000.0,4062676000.0,4027556000.0,4027556000.0,-58595000.0,52043000.0,14535000.0,4121271000.0,0,-2192000,-2180000,-2193000.0,0,0,0,0,-59861000.0,465000.0,0,-60326000.0,0,-57937000.0,0,-60326000.0
MKTO,2013-06-30,USD,13062000.0,22504000.0,9442000.0,9442000.0,-12287000.0,19364000.0,5985000.0,25349000.0,0,0,0,0.0,0,-86000,0,0,-12373000.0,17000.0,0,-12390000.0,0,-12373000.0,0,-12390000.0
MMDMU,2017-03-31,USD,0.0,0.0,0.0,0.0,-1419.33,1419.33,0.0,0.0,0,0,0,0.0,0,0,0,0,5.52,0.0,0,5.52,0,0.0,0,5.52
MM,2012-03-31,USD,13014000.0,32930000.0,19476000.0,19476000.0,-2991000.0,13356000.0,2649000.0,16005000.0,0,0,0,20000.0,0,-957000,0,0,-3968000.0,5000.0,0,-3973000.0,0,-3948000.0,0,-3973000.0
MNPR,2019-12-31,USD,-80851.0,18036.0,98887.0,0.0,-1224895.0,641117.0,583778.0,1224895.0,0,18036,18036,0.0,0,0,0,0,-1206859.0,0.0,0,-1224895.0,-1205634,-1224895.0,0,-1206859.0
MNRL,2019-03-31,USD,13149000.0,18265000.0,5116000.0,5116000.0,8707000.0,4442000.0,0.0,9558000.0,0,-3825000,-4510000,3825000.0,0,29000,0,0,4226000.0,190000.0,0,4195000.0,8707000,8707000.0,0,4036000.0
MOGU,2018-12-31,CNY,156539000.0,217593000.0,61054000.0,61054000.0,-300244.85,225008000.0,169772.28,-1848000.0,0,0,0,0.0,0,0,0,0,-135007.86,-5463.24,0,-129544.62,0,-124603000.0,0,-129544.62
MOHO,2019-09-30,USD,18416000.0,74929000.0,56513000.0,56513000.0,2667000.0,15307000.0,442000.0,72262000.0,0,-719000,-574000,719000.0,0,0,0,0,2230000.0,308000.0,0,1922000.0,0,2804000.0,0,1977000.0
MONT,2013-09-30,USD,0.0,30056000.0,10273000.0,10273000.0,8646000.0,10503000.0,6623000.0,0.0,0,0,0,0.0,0,0,0,0,8778000.0,737000.0,0,0.0,0,0.0,0,8041000.0
MOTS,2018-03-31,USD,-3000.0,12000.0,15000.0,15000.0,-4080000.0,2874000.0,1203000.0,4077000.0,0,0,0,-9000.0,0,0,0,0,-7323000.0,0.0,0,-7323000.0,0,-4080000.0,0,-7323000.0
MPACU,2017-03-31,USD,0.0,0.0,0.0,0.0,-99910.0,99910.0,0.0,99910.0,0,0,0,0.0,0,0,0,0,-25279.0,0.0,0,-25279.0,0,-99910.0,0,-25279.0
MPSX,2015-09-30,USD,0.0,459051000.0,337637000.0,337637000.0,43855000.0,44248000.0,0.0,0.0,0,0,0,18729000.0,0,0,0,0,18315000.0,5231000.0,0,0.0,0,0.0,0,13007000.0
MRD,2014-06-30,USD,0.0,254777000.0,61882000.0,61882000.0,94101000.0,23487000.0,0.0,0.0,0,0,0,34531000.0,0,0,0,0,0.0,0.0,0,0.0,0,0.0,0,0.0
MRNA,2018-12-31,USD,-115008000.0,35421000.0,150429000.0,150429000.0,-153031000.0,38023000.0,150429000.0,188452000.0,0,0,0,-1525000.0,0,2879000,0,0,-141258000.0,168000.0,0,-141426000.0,-141824000,-153031000.0,0,-141426000.0
MRSN,2017-06-30,USD,3727000.0,3727000.0,12603000.0,12603000.0,-9104000.0,2204000.0,10627000.0,12831000.0,0,0,0,-158000.0,0,0,0,0,-8946000.0,0.0,0,-8946000.0,-8955000,-9104000.0,0,-8946000.0
MRUS,2016-06-30,USD,9000000.0,1181000.0,6316000.0,6316000.0,11000000.0,0.0,3692000.0,-13000000.0,0,0,0,14000.0,0,0,0,0,0.0,0.0,0,0.0,0,11000000.0,0,10000000.0
MSC,2018-09-30,USD,111605000.0,143829000.0,32224000.0,32224000.0,31399000.0,37266000.0,0.0,112430000.0,0,0,0,-38081000.0,0,0,0,0,-8103000.0,-9000.0,0,-8094000.0,0,31399000.0,0,-8094000.0
MTC,2018-12-31,USD,10570.0,26880.0,16310.0,16310.0,-1263300.0,1273870.0,0.0,645088.0,0,0,-17860,0.0,0,0,0,0,-1286750.0,0.0,0,-643376.0,0,-631647.0,0,-1286750.0
MUDSU,2017-12-31,USD,0.0,0.0,0.0,0.0,0.0,0.0,0.0,0.0,0,0,0,0.0,0,0,0,0,-7156.0,0.0,0,-7156.0,0,0.0,0,-7156.0
MULE,2017-03-31,USD,45666000.0,60905000.0,14397000.0,14397000.0,-9910000.0,55576000.0,12789000.0,0.0,0,0,0,0.0,0,0,0,0,-9828000.0,313000.0,0,-10141000.0,0,-9828000.0,0,-10141000.0
MVNR,2013-09-30,USD,0.0,25971000.0,13389000.0,13389000.0,0.0,14934000.0,5436000.0,0.0,0,0,0,1072000.0,0,0,0,0,0.0,354000.0,0,0.0,0,0.0,0,0.0
MWRX,2013-06-30,USD,0.0,0.0,0.0,0.0,0.0,9000.0,0.0,0.0,0,0,0,0.0,0,0,0,0,0.0,0.0,0,0.0,0,0.0,0,0.0
MXPT,2015-03-31,USD,13836000.0,28716000.0,2951000.0,2951000.0,-6988000.0,16182000.0,4642000.0,20824000.0,0,0,0,694000.0,0,-439000,0,0,-8121000.0,0.0,0,-8121000.0,0,-7427000.0,0,-8121000.0
MYCC,2013-09-30,USD,0.0,194835000.0,144926000.0,144926000.0,20527000.0,12352000.0,0.0,0.0,0,0,0,19499000.0,0,0,0,0,0.0,3793000.0,0,0.0,0,0.0,0,0.0
MYFW,2018-06-30,USD,14469000.0,14469000.0,1928000.0,1928000.0,1385000.0,13084000.0,0.0,13084000.0,0,7577000,9505000,1928000.0,6892000,0,0,577000,1385000.0,337000.0,0,1048000.0,0,3313000.0,3890000,1048000.0
MYOK,2015-09-30,USD,0.0,3550000.0,8724000.0,8724000.0,-5422000.0,2300000.0,6672000.0,8972000.0,0,0,0,0.0,0,-40000,0,0,-5462000.0,0.0,0,-5462000.0,0,-5462000.0,0,-5462000.0
MYOV,2016-09-30,USD,0.0,0.0,0.0,0.0,-34704000.0,30951000.0,3753000.0,6720000.0,0,0,0,0.0,0,0,0,0,-34704000.0,8000.0,0,-34712000.0,0,-34704000.0,0,-34712000.0
NAP,2014-09-30,USD,0.0,16174000.0,459000.0,459000.0,7088000.0,3750000.0,0.0,0.0,0,0,0,7120000.0,0,0,0,0,0.0,0.0,0,0.0,0,0.0,0,0.0
NBACU,2019-12-31,USD,0.0,0.0,0.0,0.0,-175.0,175.0,0.0,175.0,0,0,0,0.0,0,0,0,0,-175.0,0.0,0,-175.0,0,-175.0,0,-175.0
NCFT,2013-09-30,USD,0.0,91570000.0,66624000.0,66624000.0,8073000.0,13685000.0,0.0,0.0,0,0,0,7258000.0,0,0,0,0,0.0,0.0,0,0.0,0,0.0,0,0.0
NCNA,2017-09-30,USD,0.0,0.0,0.0,0.0,-17113000.0,18173000.0,13790000.0,17113000.0,0,0,0,0.0,0,0,0,0,-17412000.0,-1035500.0,0,-16376500.0,0,-17113000.0,0,-16376500.0
NCNO,2020-07-31,USD,26178000.0,48765000.0,22587000.0,22587000.0,-15693000.0,26579000.0,15292000.0,64458000.0,0,55000,55000,0.0,0,0,0,0,-14521000.0,203000.0,0,-14724000.0,0,-13936000.0,0,-14646000.0
NCOM,2015-03-31,USD,12608000.0,12769000.0,161000.0,1188000.0,3239000.0,5823000.0,0.0,9369000.0,12193000,11166000,12193000,1027000.0,1764000,0,0,111000,3013000.0,1092000.0,1027000,2387000.0,1959000,4040000.0,4151000,1921000.0
NCSM,2017-03-31,USD,29282000.0,56241000.0,29354000.0,29354000.0,9924000.0,12772000.0,0.0,19358000.0,0,-1509000,0,1509000.0,0,974000,564000,0,8650000.0,2100000.0,0,6348000.0,8180000,9924000.0,0,6550000.0
NDRM,2014-09-30,USD,0.0,0.0,0.0,0.0,0.0,2652000.0,1810000.0,0.0,0,0,0,0.0,0,0,0,0,0.0,0.0,0,0.0,0,0.0,0,0.0
NEFF,2014-12-31,USD,0.0,104118000.0,32663000.0,32663000.0,30033000.0,20537000.0,0.0,0.0,0,0,0,12534000.0,0,0,0,0,13154000.0,0.0,0,0.0,0,0.0,0,1599000.0
NEOT,2014-12-31,USD,0.0,0.0,0.0,0.0,0.0,3253000.0,1917000.0,0.0,0,0,0,212000.0,0,0,0,0,0.0,1000.0,0,0.0,0,0.0,0,0.0
NETS,2017-03-31,USD,129766000.0,125278000.0,87442000.0,87442000.0,-4309000.0,43621000.0,0.0,400537000.0,0,0,0,12099000.0,0,0,0,0,-37717000.0,0.0,0,-37717000.0,0,-4309000.0,0,-37508000.0
NET,2019-09-30,USD,57908000.0,73941000.0,16033000.0,16033000.0,-41086000.0,71131000.0,27863000.0,98994000.0,0,672000,672000,407000.0,0,-651000,7700000,0,-41065000.0,-212000.0,0,-40853000.0,-40846000,-41086000.0,0,-40853000.0
NEWA,2017-06-30,USD,-1921496.0,7204000.0,5189000.0,5189000.0,138000.0,1783000.0,1355648.0,-7066772.0,0,0,0,81000.0,0,0,0,0,118000.0,102000.0,0,-16018.0,0,-137660.0,0,16000.0
NEW,2018-06-30,USD,36401019.8,79679664.07,43278644.27,43278644.27,-12904919.02,49305938.81,0.0,92584583.08,0,0,0,-1890521.9,0,0,0,0,-28624325.13,-371325.73,0,-28252999.4,0,-12904919.02,0,-28255848.83
NEXA,2017-09-30,USD,196155000.0,625805000.0,429650000.0,429650000.0,110825000.0,59484000.0,0.0,40920000.0,0,0,0,22477000.0,0,0,0,0,121518000.0,40529000.0,0,231454000.0,0,155949000.0,0,69695000.0
NFE,2018-12-31,USD,200000.0,31369000.0,31169000.0,27117000.0,-21960000.0,21310000.0,0.0,53329000.0,0,0,0,4859000.0,0,887000,1124000,1063000,-35466000.0,-737000.0,0,-34763000.0,-37849000,-21960000.0,-20897000,-34729000.0
NHWK,2005-12-31,USD,0.0,18474000.0,12799000.0,12799000.0,5154000.0,0.0,0.0,0.0,0,0,0,455000.0,0,0,0,0,0.0,1961000.0,0,0.0,0,0.0,0,0.0
NH,2016-06-30,USD,9250000.0,31490000.0,22240000.0,10433000.0,-64133000.0,47248000.0,24322000.0,73383000.0,0,0,0,1847000.0,0,-77000,1956000,0,-68343000.0,-14211000.0,0,51670000.0,0,-64133000.0,0,-54132000.0
NIO,2018-09-30,USD,-116318000.0,1469573000.0,1585891000.0,1585891000.0,-1262219.32,1670100000.0,466642.64,1922368.96,0,0,0,-12390.16,0,0,0,0,-4385866.18,617.22,0,-4386483.4,0,-2641642000.0,0,-4382889.7
NITE,2017-09-30,USD,0.0,0.0,0.0,0.0,-12598500.0,5951000.0,3983000.0,12598500.0,0,0,0,0.0,0,0,0,0,-14780500.0,0.0,0,-14780500.0,0,-12598500.0,0,-14780500.0
NIU,2018-09-30,USD,61188073.0,493196944.0,432008871.0,432008871.0,-98404.05,52178478.0,289358.98,-200000.0,0,0,0,-49966.34,0,0,0,0,-45748.01,0.0,0,-45748.01,0,-3852878.0,0,-45748.01
NKTX,2020-06-30,USD,0.0,0.0,0.0,0.0,-10355581.0,2493595.0,7861986.0,10355581.0,0,27176,27176,0.0,0,0,0,0,-51065117.0,0.0,0,-51065117.0,0,-10183414.0,0,-51065117.0
NMBL,2013-10-31,USD,0.0,33411000.0,10449000.0,10449000.0,0.0,32393000.0,9361000.0,0.0,0,0,0,0.0,0,0,0,0,0.0,76000.0,0,0.0,0,0.0,0,0.0
NMRK,2017-12-31,USD,1603300000.0,460576000.0,422551000.0,422551000.0,9997000.0,1355286000.0,0.0,1446248000.0,0,-1453000,0,2842000.0,0,0,3400000,24438000,7911000.0,54082000.0,0,101783000.0,-46171000,9997000.0,34435000,-46171000.0
NNOX,2020-09-30,USD,0.0,0.0,0.0,0.0,-11062000.0,8956000.0,2106000.0,11062000.0,0,7000,0,0.0,0,0,0,0,-11055000.0,0.0,0,-11055000.0,0,-11062000.0,0,-11055000.0
NORD,2014-02-28,USD,0.0,136900000.0,79500000.0,79500000.0,39500000.0,17900000.0,0.0,0.0,0,0,0,17400000.0,0,0,0,0,21700000.0,7100000.0,0,0.0,0,0.0,0,14600000.0
NRIX,2020-08-31,USD,0.0,0.0,0.0,0.0,-19192000.0,4338000.0,18939000.0,23277000.0,0,675000,675000,0.0,0,0,0,600000,-18517000.0,0.0,0,-18517000.0,-18518000,-19192000.0,-18592000,-18517000.0
NTGN,2018-06-30,USD,0.0,0.0,0.0,0.0,-19117000.0,4313000.0,14804000.0,19117000.0,0,0,0,0.0,0,0,0,0,-18899000.0,0.0,0,-18899000.0,0,-19117000.0,0,-18899000.0
NTI,2012-06-30,USD,0.0,1084000000.0,826800000.0,826800000.0,224600000.0,24800000.0,0.0,0.0,0,0,0,10700000.0,0,0,0,0,245700000.0,100000.0,0,0.0,0,0.0,0,245600000.0
NVET,2014-12-31,USD,0.0,0.0,3827000.0,3827000.0,-4666000.0,2440000.0,2226000.0,4666000.0,0,0,0,0.0,0,1290000,0,0,-3376000.0,0.0,0,-3376000.0,0,-3376000.0,0,-2413000.0
NVLS,2015-06-30,USD,0.0,0.0,0.0,0.0,0.0,5837000.0,4465000.0,0.0,0,0,0,0.0,0,0,0,0,0.0,0.0,0,0.0,0,0.0,0,0.0
NYLD,2013-06-30,USD,0.0,0.0,0.0,0.0,17000000.0,0.0,0.0,0.0,0,0,0,11000000.0,0,0,0,0,45000000.0,1000000.0,0,0.0,0,0.0,0,4000000.0
OBLN,2016-09-30,USD,129000.0,773000.0,644000.0,644000.0,-4452000.0,2412000.0,2169000.0,4581000.0,0,0,0,135000.0,0,-673000,0,100000,-5260000.0,0.0,0,-5260000.0,-5259000,-4452000.0,-4352000,-5260000.0
OCFT,2019-12-31,CNY,259845000.0,772923000.0,513078000.0,513078000.0,-535910000.0,468022000.0,314597000.0,13136000.0,0,-3819000,37880000,42114000.0,0,0,0,0,-588654000.0,49884000.0,0,-638538000.0,0,-500304000.0,0,-619375000.0
OCIP,2013-09-30,USD,0.0,95790000.0,48813000.0,48813000.0,36059000.0,5369000.0,0.0,0.0,0,0,0,5015000.0,0,7000,5549000,0,24560000.0,428000.0,0,0.0,0,36059000.0,0,24132000.0
ODT,2017-12-31,USD,0.0,0.0,0.0,0.0,-24133000.0,15736000.0,13040000.0,24133000.0,0,0,0,0.0,0,0,0,0,-24133000.0,0.0,0,-24133000.0,0,-24133000.0,0,-24133000.0
OILT,2011-06-30,USD,0.0,29654000.0,8211000.0,8211000.0,12807000.0,4559000.0,0.0,0.0,0,0,0,2371000.0,0,0,0,0,10552000.0,2936000.0,0,0.0,0,0.0,0,7616000.0
ONCE,2014-12-31,USD,633932.0,614000.0,8729000.0,8729000.0,-23580329.0,7863256.0,6932000.0,24214261.0,0,0,0,0.0,0,0,0,0,-24324809.0,0.0,0,-24324809.0,0,-23580329.0,0,-24324809.0
ONEW,2019-12-31,USD,32189000.0,153698000.0,121509000.0,121509000.0,2552000.0,28305000.0,0.0,150709000.0,0,-4512000,-4512000,4512000.0,0,-13000,0,760000,-1067000.0,0.0,0,-1067000.0,0,2552000.0,3312000,-1314000.0
OPESU,2018-03-31,USD,0.0,0.0,0.0,0.0,-69458.0,69458.0,0.0,69458.0,0,0,0,0.0,0,0,0,0,28417.0,5968.0,0,22449.0,0,-69458.0,0,22449.0
OPRA,2018-06-30,USD,29071000.0,39828000.0,10757000.0,10757000.0,10468000.0,9356000.0,0.0,16625000.0,0,0,0,-43000.0,0,0,0,0,9946000.0,2535000.0,0,7411000.0,0,13336000.0,0,7411000.0
OPRT,2019-09-30,USD,131093000.0,153880000.0,22383000.0,22383000.0,14415000.0,3886000.0,0.0,122032000.0,0,123773000,139272000,15499000.0,0,0,2300000,0,14429000.0,4400000.0,0,10029000.0,10037000,31444000.0,0,10029000.0
OPTM,2006-10-31,USD,0.0,30010000.0,20679000.0,20679000.0,3105000.0,5600000.0,2996000.0,0.0,0,0,0,0.0,0,0,0,0,2938000.0,179000.0,0,0.0,0,0.0,0,2759000.0
OPWR,2014-03-31,USD,18638000.0,28573000.0,9388000.0,9388000.0,-7333000.0,15217000.0,10754000.0,25971000.0,0,0,0,66000.0,0,463000,0,0,-6936000.0,44000.0,0,-6980000.0,0,-6870000.0,0,-6980000.0
OPXT,2007-03-31,USD,0.0,65376000.0,41795000.0,41795000.0,0.0,23102000.0,10665000.0,0.0,0,0,0,0.0,0,0,0,0,909000.0,0.0,0,0.0,0,0.0,0,909000.0
ORCC,2019-06-30,USD,123822000.0,131735000.0,52313000.0,52313000.0,119622000.0,4421000.0,0.0,2865000.0,0,137371000,171364000,33993000.0,0,0,0,0,124449000.0,-221000.0,0,124670000.0,0,156259000.0,0,124670000.0
ORIC,2020-03-31,USD,0.0,0.0,0.0,0.0,-9179000.0,1925000.0,7254000.0,9179000.0,0,241000,241000,0.0,0,0,0,0,-8872000.0,0.0,0,-8872000.0,0,-8929000.0,0,-8872000.0
ORSNU,2019-06-30,USD,0.0,0.0,0.0,0.0,-103.0,103.0,0.0,103.0,0,0,0,0.0,0,0,0,0,-103.0,0.0,0,-103.0,0,-103.0,0,-103.0
ORTX,2018-09-30,USD,1107000.0,1387000.0,280000.0,280000.0,-34090000.0,7466000.0,27731000.0,35477000.0,0,0,0,-245000.0,0,0,0,0,-33155000.0,733000.0,0,-33888000.0,0,-34090000.0,0,-33888000.0
OSH,2020-06-30,USD,19396000.0,214382000.0,194986000.0,194986000.0,-24418000.0,41140000.0,0.0,238800000.0,0,-2448000,-2448000,2448000.0,0,0,0,0,-26844000.0,0.0,0,-26844000.0,0,-21722000.0,0,-26765000.0
OSP,2007-09-30,USD,0.0,55784000.0,36313000.0,36313000.0,1446000.0,5791000.0,0.0,0.0,0,0,0,3523000.0,0,0,0,0,0.0,434000.0,0,0.0,0,0.0,0,0.0
OSS,2017-12-31,USD,1949337.0,7052957.0,5103620.0,4866000.0,-731642.0,953914.0,943196.0,2680979.0,0,0,0,55100.0,0,21831,0,235430,-656861.0,-536185.0,0,119990.0,0,-731642.0,-496212,-120676.0
OYST,2019-09-30,USD,0.0,0.0,0.0,0.0,-11897000.0,3809000.0,8088000.0,11897000.0,0,400000,400000,0.0,0,0,0,0,-11497000.0,0.0,0,-11497000.0,0,-11897000.0,0,-11497000.0
PAGS,2017-12-31,USD,283565500.0,147789000.0,105599000.0,105599000.0,9988000.0,28062000.0,0.0,1319309000.0,0,0,0,11402000.0,0,0,0,0,75754000.0,22928000.0,0,342270500.0,0,-48374000.0,0,52950000.0
PATH,2010-06-30,USD,0.0,0.0,4200000.0,4200000.0,0.0,0.0,3268000.0,0.0,0,0,0,1435000.0,0,0,0,0,0.0,0.0,0,0.0,0,0.0,0,0.0
PBTS,2019-03-31,USD,2253054.0,6399598.0,4146544.0,4146544.0,-1186015.0,1873591.0,654912.0,7585613.0,0,0,0,-321920.0,0,0,0,0,-1487547.0,-45022.0,0,-1442525.0,0,-1186015.0,0,-1442525.0
PCAP,2005-06-30,USD,0.0,2827000.0,993000.0,993000.0,1828000.0,0.0,0.0,0.0,0,0,0,1350000.0,0,0,0,0,308000.0,0.0,0,0.0,0,0.0,0,308000.0
PCVX,2020-06-30,USD,0.0,0.0,0.0,0.0,-20188000.0,3046000.0,18178000.0,-1036000.0,0,44000,44000,0.0,0,0,0,0,-20320000.0,0.0,0,-20320000.0,0,-19789000.0,0,-20320000.0
PDD,2018-06-30,USD,348112777.44,406275644.87,58162867.43,58162867.43,-995233953.21,1315447960.41,27898770.25,0.0,0,0,0,0.0,0,0,0,0,-973888422.32,0.0,0,-973888422.32,0,-995233953.21,0,-973888422.32
PDH,2012-03-31,USD,0.0,234684000.0,245026000.0,245026000.0,0.0,14611000.0,0.0,0.0,0,0,0,4242000.0,0,0,0,0,0.0,696000.0,0,0.0,0,0.0,0,0.0
PETQ,2017-06-30,USD,15951000.0,87178000.0,71227000.0,71227000.0,6674000.0,9277000.0,48000.0,-106198000.0,0,-535000,0,535000.0,0,0,0,575000,6070000.0,0.0,0,-6767000.0,0,6674000.0,7249000,-8562000.0
PETZ,2017-09-30,USD,4157900.0,14083700.0,9925800.0,9925800.0,-199132.0,3036450.0,297894.0,3492330.0,0,0,0,-18066.0,0,0,0,0,-269274.0,-55296.0,0,-213978.0,0,726410.0,0,-213978.0
PGEM,2013-06-30,USD,74260000.0,368140000.0,286548000.0,286548000.0,662000.0,45349000.0,0.0,73598000.0,0,0,0,-24892000.0,0,-346000,0,0,-51608000.0,-731000.0,0,-50877000.0,0,316000.0,0,-50877000.0
PGND,2015-06-30,USD,0.0,77458000.0,32988000.0,32988000.0,16300000.0,17933000.0,0.0,0.0,0,0,0,3775000.0,0,0,0,0,0.0,0.0,0,0.0,0,0.0,0,0.0
PHR,2019-07-31,USD,19505290.0,28193602.0,11310878.0,11310878.0,-4140367.0,15540316.0,4689990.0,34956535.0,0,-745205,35795,781000.0,0,327421,2136245,0,-7442002.0,51189.0,0,-7493191.0,0,-4140367.0,0,-7493191.0
PING,2019-09-30,USD,47525000.0,61765000.0,14240000.0,14240000.0,3379000.0,28803000.0,11283000.0,44146000.0,0,-3818000,-3818000,3818000.0,0,-992000,700000,4060000,-4595000.0,-4000000.0,0,-595000.0,-705000,3379000.0,7439000,-595000.0
PLMR,2019-03-31,USD,-13837000.0,22307000.0,36144000.0,36144000.0,-13837000.0,0.0,0.0,36573000.0,960000,-429000,-429000,429000.0,0,0,0,0,-14266000.0,145000.0,0,-14411000.0,-12224000,-13837000.0,0,-14411000.0
PLYM,2017-06-30,USD,3510000.0,5027000.0,1517000.0,1517000.0,-566000.0,1209000.0,0.0,-5593000.0,0,0,0,2802000.0,0,-2802000,0,0,-3368000.0,0.0,0,-3368000.0,0,2130000.0,0,-1159000.0
PMII,2007-09-30,USD,0.0,1701000.0,645000.0,645000.0,0.0,7804000.0,1821000.0,0.0,0,0,0,1084000.0,0,0,0,0,0.0,0.0,0,0.0,0,0.0,0,0.0
PNG,2010-03-31,USD,0.0,22205000.0,13099000.0,13099000.0,6165000.0,0.0,0.0,0.0,0,0,0,3037000.0,0,0,0,0,3123000.0,0.0,0,0.0,0,0.0,0,3123000.0
PRFX,2020-09-30,USD,0.0,0.0,0.0,0.0,0.0,0.0,0.0,0.0,0,0,0,0.0,0,0,0,0,0.0,110000.0,0,0.0,0,0.0,0,0.0
PRNB,2018-09-30,USD,18564000.0,18564000.0,12018000.0,12018000.0,6477000.0,2887000.0,9200000.0,12087000.0,0,0,0,0.0,0,0,0,0,6683000.0,0.0,0,9377000.0,0,6477000.0,0,6683000.0
PRT,2018-03-31,USD,3967956.0,3637715.0,-330241.0,-330241.0,3835771.0,132185.0,0.0,-198056.0,0,0,0,0.0,0,0,0,0,3835771.0,0.0,0,3835771.0,0,3835771.0,0,3835771.0
PRVL,2019-06-30,USD,0.0,0.0,0.0,0.0,-15668000.0,3713000.0,11955000.0,15668000.0,0,565000,565000,0.0,0,0,0,0,-15103000.0,0.0,0,-15103000.0,0,-15046825.0,0,-15103000.0
PSDO,2017-03-31,USD,290700000.0,628800000.0,485500000.0,485500000.0,22900000.0,98700000.0,0.0,0.0,0,0,0,18300000.0,0,0,0,0,-21300000.0,-11900000.0,0,-18400000.0,0,-39200000.0,0,-9400000.0
PSMI,2012-06-30,USD,0.0,43639000.0,26417000.0,26417000.0,439000.0,15802000.0,7721000.0,0.0,0,0,0,354000.0,0,0,0,0,0.0,25000.0,0,0.0,0,0.0,0,0.0
PSNL,2019-06-30,USD,-24927000.0,-15004000.0,9923000.0,9923000.0,-4061000.0,5466000.0,4497000.0,19886000.0,0,-545000,200000,745000.0,0,-1261000,0,0,-5867000.0,2000.0,0,-5869000.0,-5884000,-4061000.0,0,-5869000.0
PS,2018-06-30,USD,37682000.0,53572000.0,15890000.0,15890000.0,-37192000.0,74874000.0,16493000.0,74874000.0,0,0,0,2424000.0,0,48000,2200000,0,-30947000.0,143000.0,0,-43796000.0,-31132000,-37192000.0,0,-31090000.0
PTACU,2019-12-31,USD,0.0,0.0,0.0,0.0,-166070.0,166070.0,0.0,0.0,0,0,238710,0.0,0,0,0,0,72630.0,32520.0,0,0.0,0,0.0,0,40110.0
PTHN,2016-07-31,USD,149200000.0,482000000.0,304800000.0,304800000.0,58800000.0,90400000.0,500000.0,0.0,0,0,0,43100000.0,0,0,0,0,9100000.0,300000.0,0,8800000.0,0,52200000.0,0,8800000.0
PTON,2019-09-30,USD,105100000.0,228000000.0,122900000.0,122900000.0,-50900000.0,138500000.0,17400000.0,156000000.0,0,1300000,1300000,0.0,0,-100000,0,0,-49700000.0,100000.0,0,-49800000.0,-51100000,-50900000.0,0,-49800000.0
PTXP,2015-06-30,USD,0.0,2695000.0,3555000.0,3555000.0,0.0,0.0,0.0,0.0,0,0,0,88000.0,0,0,0,0,0.0,0.0,0,0.0,0,0.0,0,0.0
PT,2018-09-30,CNY,127519000.0,298264000.0,170745000.0,170745000.0,24009000.0,81925000.0,62958.41,687300.06,0,0,-1324000,0.0,0,0,0,0,31608000.0,87124.76,0,10404.62,0,26476000.0,0,3372000.0
PVTL,2018-04-30,USD,96444000.0,155735000.0,59291000.0,59291000.0,-33530000.0,85546000.0,44428000.0,189265000.0,0,0,0,0.0,0,0,0,0,-33221000.0,-664000.0,0,-32557000.0,0,-33530000.0,0,-32515000.0
PYPD,2020-06-30,USD,0.0,0.0,0.0,0.0,-7272000.0,2933000.0,4339000.0,7272000.0,0,-9721000,0,0.0,0,0,0,0,-16993000.0,0.0,0,-16993000.0,0,-7272000.0,0,-16993000.0
QD,2017-09-30,USD,1192087000.0,1451007000.0,258920000.0,258920000.0,522195665.0,238995000.0,8092000.0,204616000.0,0,0,0,0.0,0,0,0,0,107960000.0,7438000.0,0,1029045901.0,0,1207160995.0,0,100522000.0
QEPM,2013-06-30,USD,0.0,40100000.0,13600000.0,13600000.0,16700000.0,0.0,0.0,0.0,0,0,0,1000000.0,0,0,0,0,17700000.0,0.0,0,0.0,0,0.0,0,16400000.0
QFIN,2018-12-31,CNY,8522920.53,2840081000.0,883976.1,883976.1,6463305.51,586590000.0,0.0,2943591.12,0,0,0,-15698.37,0,0,0,0,6476023.37,1367224.23,0,5108799.14,0,6463305.51,0,5108799.14
QH,2020-06-30,CNY,60353000.0,547577000.0,487224000.0,487224000.0,28134000.0,29487000.0,2732000.0,519443000.0,0,-1969000,254000,2223000.0,0,0,0,0,31198000.0,11518000.0,0,19680000.0,0,31989000.0,0,20660000.0
QIHU,2011-03-31,USD,0.0,22929000.0,2235000.0,2235000.0,0.0,40472000.0,12815000.0,0.0,0,0,0,17000.0,0,0,0,0,0.0,1461000.0,0,0.0,0,0.0,0,0.0
QK,2019-09-30,CNY,-15675000.0,335832000.0,351507000.0,351507000.0,-87818000.0,65461000.0,8649000.0,-1967000.0,0,-24007000,1607000,25616000.0,0,0,0,0,-125113000.0,23000.0,0,-125136000.0,0,-30314000.0,0,-125116000.0
QRE,2010-12-31,USD,0.0,84601000.0,42207000.0,42207000.0,7945000.0,9883000.0,0.0,0.0,0,0,0,0.0,0,0,0,0,0.0,0.0,0,0.0,0,0.0,0,0.0
QTNA,2016-09-30,USD,16858000.0,34105000.0,16904000.0,16904000.0,277000.0,16581000.0,11162000.0,0.0,0,0,0,189000.0,0,0,0,0,36000.0,14000.0,0,22000.0,0,225000.0,0,22000.0
QTRX,2017-12-31,USD,2881000.0,6589000.0,3708000.0,3563000.0,-7093000.0,6047000.0,3927000.0,9974000.0,0,-216000,0,216000.0,0,-73000,0,0,-27278000.0,0.0,0,-27278000.0,0,-7093000.0,0,-7382000.0
QTT,2018-09-30,CNY,823495944.0,977317832.0,153821888.0,153821888.0,-151894530.13,1786613498.0,11680295.83,294176093.7,0,0,0,-1235351.8,0,0,0,0,-150452749.06,0.0,0,-150452749.06,0,-1044585796.0,0,-150038955.73
QUNR,2013-09-30,USD,0.0,39570000.0,7262000.0,7262000.0,0.0,37369000.0,14876000.0,0.0,0,0,0,59000.0,0,0,0,0,0.0,2297000.0,0,0.0,0,0.0,0,0.0
RALY,2013-04-30,USD,0.0,16049000.0,2919000.0,2919000.0,0.0,17568000.0,5079000.0,0.0,0,0,0,462000.0,0,0,0,0,0.0,46000.0,0,0.0,0,0.0,0,0.0
RARX,2016-09-30,USD,0.0,1884000.0,7789000.0,7789000.0,-17031000.0,0.0,7079000.0,0.0,0,0,0,0.0,0,0,0,0,0.0,0.0,0,-8114000.0,0,-8114000.0,0,-17976000.0
RCPT,2013-03-31,USD,1488000.0,1488000.0,8990000.0,8990000.0,-7594000.0,1062000.0,8020000.0,9082000.0,0,0,0,0.0,0,1000,0,0,-7593000.0,0.0,0,-7593000.0,0,-7593000.0,0,-9649000.0
RCUS,2018-03-31,USD,1250000.0,1250000.0,11652000.0,11652000.0,-13331000.0,2929000.0,11652000.0,14581000.0,0,0,0,0.0,0,377000,0,828000,-12954000.0,0.0,0,-12954000.0,-13009000,-13331000.0,-12503000,-12954000.0
RDA,2010-09-30,USD,0.0,57494000.0,40123000.0,40123000.0,9119000.0,8252000.0,6331000.0,0.0,0,0,0,0.0,0,0,0,0,9224000.0,973000.0,0,0.0,0,0.0,0,8251000.0
REAL,2019-06-30,USD,46050000.0,72209000.0,26159000.0,24926000.0,-25340000.0,25355000.0,0.0,71390000.0,0,230000,610000,380000.0,0,-1706000,0,3200000,-26816000.0,59000.0,0,-26875000.0,-26873000,-25340000.0,-22140000,-26875000.0
REDU,2017-09-30,USD,113685500.0,40302000.0,17724000.0,17724000.0,8155000.0,12539000.0,0.0,195065500.0,0,0,0,887000.0,0,0,0,0,6839000.0,2685000.0,0,18994500.0,0,40271500.0,0,4667000.0
REST,2006-06-30,USD,0.0,1810000.0,418000.0,418000.0,0.0,4166000.0,807000.0,0.0,0,0,0,202000.0,0,0,0,0,0.0,0.0,0,0.0,0,0.0,0,0.0
RETA,2016-06-30,USD,12366000.0,12366000.0,13612000.0,13612000.0,-1425000.0,4537000.0,9075000.0,13791000.0,0,0,0,0.0,0,28000,0,179000,-1397000.0,-461000.0,0,-936000.0,0,-1397000.0,0,-936000.0
RETO,2017-12-31,USD,17853730.0,35551020.0,17697290.0,17697290.0,10252830.0,6953250.0,173469.0,7270611.0,0,0,-1012960,-217594.0,0,0,0,0,9406870.0,960830.0,0,1905771.0,0,3010227.0,0,5978390.0
REYN,2019-12-31,USD,263000000.0,835000000.0,572000000.0,572000000.0,158000000.0,74000000.0,0.0,677000000.0,0,-35000000,0,35000000.0,0,0,0,28000000,122000000.0,32000000.0,0,158000000.0,86000000,157000000.0,185000000,90000000.0
RGDO,2013-09-30,USD,0.0,0.0,0.0,0.0,0.0,11193000.0,9597000.0,0.0,0,0,0,147000.0,0,0,0,0,0.0,0.0,0,0.0,0,0.0,0,0.0
RICE,2013-12-31,USD,0.0,27888000.0,0.0,0.0,4363000.0,15168000.0,0.0,0.0,0,0,0,5352000.0,0,0,0,0,0.0,0.0,0,0.0,0,0.0,0,0.0
RIGP,2014-06-30,USD,0.0,145000000.0,69000000.0,69000000.0,55000000.0,4000000.0,0.0,0.0,0,0,0,0.0,0,0,0,0,56000000.0,6000000.0,0,0.0,0,0.0,0,50000000.0
RKUS,2012-12-31,USD,0.0,62164000.0,20095000.0,20095000.0,4499000.0,36214000.0,13343000.0,0.0,0,0,0,0.0,0,0,0,0,2403000.0,531000.0,0,0.0,0,0.0,0,1872000.0
RLAY,2020-06-30,USD,0.0,0.0,0.0,0.0,-27719000.0,6053000.0,21666000.0,27719000.0,0,998000,998000,0.0,0,0,0,0,-26724000.0,0.0,0,-26724000.0,0,-26854000.0,0,-26724000.0
RNDY,2011-12-31,USD,0.0,968722000.0,696658000.0,696658000.0,31045000.0,223054000.0,0.0,0.0,0,0,0,17753000.0,0,0,0,0,13292000.0,4122000.0,0,0.0,0,0.0,0,9170000.0
RNF,2011-09-30,USD,0.0,38566000.0,23355000.0,23355000.0,10970000.0,1750000.0,0.0,0.0,0,0,0,4522000.0,0,0,0,0,5865000.0,2506000.0,0,0.0,0,0.0,0,3359000.0
RNGR,2017-06-30,USD,7500000.0,33700000.0,26200000.0,26200000.0,-4900000.0,8400000.0,0.0,12400000.0,0,0,0,1100000.0,0,0,3800000,0,-6000000.0,0.0,0,-6000000.0,0,-4900000.0,0,-6000000.0
ROKA,2014-06-30,USD,1390000.0,1390000.0,948000.0,948000.0,-7000000.0,4548000.0,2227000.0,8390000.0,0,0,0,379000.0,0,-337000,0,0,-7337000.0,11000.0,0,-7349000.0,0,-7337000.0,0,-7349000.0
RPRX,2020-06-30,USD,510932000.0,510932000.0,0.0,0.0,409346000.0,42799000.0,5776000.0,98276000.0,2724000,-31465000,2724000,34189000.0,0,261000,0,0,601976000.0,1624000.0,0,601976000.0,447399000,409346000.0,0,442074000.0
RPTX,2020-06-30,USD,0.0,0.0,0.0,0.0,-12323000.0,3372000.0,8951000.0,12323000.0,0,0,0,0.0,0,0,0,0,-11732000.0,70000.0,0,-11802000.0,0,-12711000.0,0,-11802000.0
RRMS,2011-12-31,USD,0.0,132200000.0,118739000.0,118739000.0,7251000.0,3336000.0,0.0,0.0,0,0,0,418000.0,0,0,0,0,6828000.0,0.0,0,0.0,0,0.0,0,6828000.0
RSPP,2013-12-31,USD,0.0,36380000.0,7074000.0,7074000.0,22520000.0,703000.0,0.0,0.0,0,0,0,3446000.0,0,339000,0,0,20170000.0,2194000.0,0,0.0,0,22520000.0,0,17976000.0
RTLR,2019-06-30,USD,58666000.0,111774000.0,53108000.0,53108000.0,55602000.0,3068000.0,0.0,56172000.0,0,-85000,-199000,85000.0,0,-114000,10158000,10158000,55403000.0,8724000.0,0,46679000.0,0,55602000.0,65760000,4803000.0
RUHN,2019-03-31,CNY,84263000.0,228249000.0,143986000.0,143986000.0,-34082930.0,118360000.0,0.0,271339783.0,0,197190,7759450,0.0,0,0,0,0,-26323480.0,933470.0,0,-27419705.0,0,-6474000.0,0,-28095860.0
RXT,2020-06-30,USD,241900000.0,656500000.0,414600000.0,414600000.0,22700000.0,219200000.0,0.0,633800000.0,0,-68900000,0,68900000.0,0,300000,0,0,-44900000.0,-12300000.0,0,-32600000.0,-36800000,22700000.0,0,-32600000.0
RYB,2017-09-30,USD,9008000.0,37404000.0,28396000.0,28396000.0,2751000.0,6257000.0,0.0,53949000.0,0,0,0,0.0,0,0,0,0,3011000.0,1529000.0,0,-1312000.0,0,-1299000.0,0,1588000.0
SACH,2016-12-31,USD,3628360.0,1143762.0,166000.0,166000.0,986000.0,489766.0,0.0,489766.0,0,0,0,162000.0,0,0,0,0,824000.0,0.0,0,3050627.0,0,0.0,0,823579.0
SAIL,2017-12-31,USD,55086000.0,67768000.0,12682000.0,10032000.0,10520000.0,44566000.0,9995000.0,44566000.0,0,0,0,2652000.0,0,-203000,0,0,4613000.0,-769000.0,0,-7530000.0,0,10520000.0,0,5382000.0
SALE,2013-06-30,USD,0.0,43401000.0,2805000.0,2805000.0,9415000.0,27914000.0,6938000.0,0.0,0,0,0,605000.0,0,0,0,0,8424000.0,3301000.0,0,0.0,0,0.0,0,5123000.0
SAQNU,2019-12-31,USD,0.0,0.0,0.0,0.0,-207610.0,0.0,0.0,0.0,0,0,219910,0.0,0,0,0,0,12310.0,0.0,0,0.0,0,0.0,0,10350.0
SBY,2012-12-31,USD,0.0,2783000.0,5443000.0,5443000.0,0.0,585000.0,0.0,0.0,0,0,0,0.0,0,0,0,0,0.0,0.0,0,0.0,0,0.0,0,0.0
SCAI,2013-09-30,USD,199188000.0,194417000.0,157054000.0,157054000.0,29235000.0,155308000.0,0.0,169953000.0,0,0,0,14526000.0,0,-25000,0,0,14874000.0,5664000.0,0,8955000.0,0,29210000.0,0,-12708000.0
SCWX,2016-04-29,USD,49944000.0,99793000.0,49849000.0,49849000.0,-19000000.0,55348000.0,13596000.0,68944000.0,0,0,0,0.0,0,365000,0,0,-18635000.0,-7008000.0,0,-11627000.0,-11133000,-19000000.0,0,-11627000.0
SDC,2019-09-30,USD,138750000.0,180185000.0,41435000.0,39125000.0,-382341000.0,521091000.0,0.0,562526000.0,0,-4291000,-4291000,4291000.0,0,-421000,0,0,-87817000.0,479000.0,0,-387564000.0,0,-382341000.0,0,-88296000.0
SDGR,2019-12-31,USD,15527000.0,25832000.0,10305000.0,10305000.0,-7847000.0,12292000.0,11082000.0,23374000.0,0,415000,415000,0.0,0,0,893000,0,-6798000.0,-29000.0,0,-7145000.0,-6777000,-7847000.0,0,-6769000.0
SECO,2017-09-30,USD,197799000.0,151385000.0,461318000.0,461318000.0,19889000.0,20851000.0,2706000.0,1050921000.0,0,0,0,285000.0,0,0,0,0,5390000.0,117000.0,0,47135000.0,0,47666000.0,0,5293000.0
SELB,2016-06-30,USD,2017000.0,2017000.0,8232000.0,8232000.0,-6401000.0,2482000.0,6000000.0,8418000.0,10000,0,0,310000.0,0,-148000,200000,0,-6859000.0,0.0,0,-6859000.0,-6753000,-6401000.0,0,-6923000.0
SEMI,2014-06-30,USD,20400000.0,214900000.0,194500000.0,194500000.0,1300000.0,19600000.0,10300000.0,19100000.0,0,0,0,1500000.0,0,-2000000,0,0,-2100000.0,-16300000.0,0,14200000.0,0,-700000.0,0,14300000.0
SE,2017-09-30,USD,94672000.0,95053000.0,12426000.0,12426000.0,-337653000.0,42447000.0,7661000.0,698378000.0,0,0,0,8461000.0,0,0,0,0,-310920000.0,-2743000.0,0,-313973000.0,0,-337653000.0,0,-313995000.0
SFS,2014-09-30,USD,0.0,1131821000.0,950869000.0,950869000.0,26043000.0,143461000.0,0.0,0.0,0,0,0,11725000.0,0,0,0,0,15195000.0,4972000.0,0,0.0,0,0.0,0,10223000.0
SGH,2017-05-31,USD,47375000.0,206974000.0,159599000.0,159599000.0,20385000.0,18193000.0,8797000.0,26990000.0,0,0,0,8294000.0,0,-762000,0,0,11329000.0,3371000.0,0,7958000.0,0,19623000.0,0,7958000.0
SGM,2013-09-30,USD,32280000.0,31870000.0,25592000.0,25592000.0,5812000.0,22608000.0,0.0,26468000.0,0,0,0,3297000.0,0,-25000,0,0,2490000.0,807000.0,0,1683000.0,0,5787000.0,0,1683000.0
SHP,2010-09-30,USD,0.0,23119000.0,-24004000.0,-24004000.0,-6366000.0,4396000.0,0.0,0.0,0,0,0,0.0,0,0,0,0,4086000.0,505000.0,0,0.0,0,0.0,0,3581000.0
SIBN,2018-09-30,USD,12160000.0,13381000.0,1221000.0,1221000.0,-3044000.0,13831000.0,1373000.0,15204000.0,0,0,0,1282000.0,0,-535000,200000,0,-4792000.0,0.0,0,-4792000.0,-4796000,-3044000.0,0,-4792000.0
SITM,2019-12-31,USD,13448000.0,28089000.0,14641000.0,14641000.0,1030000.0,6469000.0,5949000.0,12418000.0,0,-394000,-394000,394000.0,0,-12000,900000,0,624000.0,-9000.0,0,633000.0,0,1030000.0,0,633000.0
SKIS,2014-10-31,USD,-4921000.0,6230000.0,11963000.0,11963000.0,-6887000.0,1758000.0,0.0,1966000.0,0,0,0,4455000.0,0,86000,0,0,-11099000.0,-4356000.0,0,-6743000.0,0,-6801000.0,0,-6743000.0
SKUL,2011-06-30,USD,26799000.0,52397000.0,25256000.0,25256000.0,9574000.0,17225000.0,0.0,17225000.0,0,0,0,2290000.0,0,5000,0,0,7289000.0,3031000.0,0,4258000.0,0,9579000.0,0,4258000.0
SLDB,2017-12-31,USD,0.0,0.0,0.0,0.0,-54857000.0,14438000.0,11946000.0,54857000.0,0,0,0,0.0,0,0,0,0,-53178000.0,0.0,0,-53178000.0,0,-54857000.0,0,-52118000.0
SLGG,2019-03-31,USD,175000.0,249000.0,74000.0,74000.0,-6136000.0,5601000.0,1155000.0,6311000.0,0,-9938000,-187000,2871000.0,0,-9933000,0,335000,-16069000.0,0.0,0,-16069000.0,0,-6136000.0,-5801000,-16069000.0
SLGL,2017-12-31,USD,174000.0,174000.0,0.0,0.0,-23507000.0,5637000.0,4416000.0,23681000.0,0,0,0,2000.0,0,0,0,0,-23484000.0,0.0,0,-23484000.0,0,-23507000.0,0,-23484000.0
SMAR,2018-04-30,USD,28996000.0,36319000.0,7323000.0,7323000.0,-13030000.0,29182000.0,12844000.0,42026000.0,0,0,0,1300000.0,0,0,1488000,0,-14330000.0,0.0,0,-14330000.0,-14330000,-13030000.0,0,-14330000.0
SMMCU,2019-06-30,USD,0.0,0.0,0.0,0.0,-65808.0,65808.0,0.0,65808.0,0,86506,86506,0.0,0,0,0,0,20698.0,4140.0,0,16561.0,0,-65808.0,0,16561.0
SNAP,2017-03-31,USD,-13710000.0,149648000.0,163358000.0,163358000.0,-2213767000.0,1394209000.0,805848000.0,2200057000.0,0,0,0,695000.0,0,187000,0,0,-2211851000.0,-3014000.0,0,-2208837000.0,-2208415000,-2213767000.0,0,-2208837000.0
SNDL,2019-06-30,CAD,19270000.0,19299000.0,29000.0,29000.0,-4067000.0,21433000.0,1756000.0,23366000.0,0,-8083000,-7888000,5369000.0,0,0,0,0,-12350000.0,-923073.96,0,-12350000.0,0,-5280000.0,0,-12322000.0
SNDR,2017-03-31,USD,0.0,1006439000.0,866313000.0,462356000.0,43550000.0,28706000.0,0.0,962889000.0,0,0,0,5486000.0,0,-133000,0,67870000,37931000.0,15362000.0,0,22569000.0,22585000,43550000.0,111420000,22569000.0
SND,2016-09-30,USD,4996000.0,10927000.0,5931000.0,5931000.0,2534000.0,1044000.0,0.0,2462000.0,0,0,0,845000.0,0,-1780000,1647000,102000,-91000.0,5000.0,0,-96000.0,0,2534000.0,2636000,-96000.0
SOGO,2017-09-30,USD,127046000.0,257345000.0,130299000.0,130299000.0,35693000.0,51044000.0,40309000.0,168460500.0,0,0,0,0.0,0,0,0,0,35566000.0,4593000.0,0,14041000.0,0,51424000.0,0,30973000.0
SOI,2017-03-31,USD,8250000.0,10324000.0,2074000.0,2074000.0,4851000.0,877000.0,82000.0,3399000.0,0,0,0,22000.0,0,-25000,1163000,1164000,4804000.0,22000.0,0,4782000.0,0,4851000.0,6015000,4782000.0
SONM,2019-03-31,USD,9021000.0,26484000.0,17463000.0,17463000.0,-4142000.0,6202000.0,6961000.0,13163000.0,0,-422000,-422000,422000.0,0,-265000,0,0,-4829000.0,295000.0,0,-6206000.0,0,-4142000.0,0,-5124000.0
SPRO,2017-09-30,USD,597000.0,690000.0,10469000.0,10469000.0,-9966000.0,3653000.0,6910000.0,10563000.0,0,0,0,0.0,0,122000,0,0,-9844000.0,0.0,0,-9844000.0,-8707000,-9966000.0,0,-9836000.0
SQBK,2014-03-31,USD,26682000.0,26682000.0,3257000.0,3257000.0,11099000.0,15583000.0,0.0,15583000.0,0,0,0,0.0,0,0,0,0,11099000.0,3251000.0,0,7848000.0,0,11099000.0,0,7848000.0
SRVY,2004-06-30,USD,0.0,10229000.0,2180000.0,2180000.0,1946000.0,5858000.0,265000.0,0.0,0,0,0,0.0,0,0,0,0,1848000.0,121000.0,0,0.0,0,0.0,0,1727000.0
SSPKU,2019-06-30,USD,0.0,0.0,0.0,0.0,-5000.0,0.0,0.0,0.0,0,0,0,0.0,0,0,0,0,-5000.0,0.0,0,0.0,0,0.0,0,-5000.0
SSTI,2017-06-30,USD,3149000.0,5836000.0,2687000.0,2687000.0,-119000.0,2340000.0,928000.0,3268000.0,0,-445000,0,445000.0,0,-17000,0,0,-4306000.0,0.0,0,-4306000.0,-4312000,-119000.0,0,-4306000.0
STDY,2015-03-31,USD,0.0,0.0,5451000.0,5451000.0,-5536000.0,1127000.0,4409000.0,5536000.0,0,0,0,0.0,0,103000,0,0,-5433000.0,123000.0,0,-5556000.0,0,-5433000.0,0,-5556000.0
STG,2018-03-31,USD,335700000.0,406400000.0,70700000.0,70700000.0,-40217498.61,576700000.0,1844757.58,588300000.0,0,0,0,-345673.12,0,0,0,0,-39047209.62,0.0,0,-39047209.62,0,-238700000.0,0,-39095135.74
STIM,2018-06-30,USD,10007000.0,13252000.0,3245000.0,3245000.0,-5236000.0,12913000.0,2330000.0,15243000.0,0,0,0,900000.0,0,-1360000,300000,300000,-7496000.0,0.0,0,-7496000.0,0,-5236000.0,-4936000,-7496000.0
STNE,2018-09-30,USD,326999000.0,407707000.0,80708000.0,80708000.0,-6459022.92,112180000.0,0.0,119089000.0,0,0,0,-20764042.71,0,0,0,0,32581568.4,10071426.79,0,22510141.61,0,70395000.0,0,22105721.61
STRO,2018-09-30,USD,7836000.0,7836000.0,12642000.0,12642000.0,-10157000.0,5351000.0,12642000.0,17993000.0,0,0,0,415000.0,0,-68000,0,0,-10237000.0,0.0,0,-10237000.0,-10264000,-10157000.0,0,-10237000.0
SUPV,2016-06-30,USD,0.0,405185000.0,101662000.0,101662000.0,57883000.0,59385000.0,0.0,0.0,0,0,0,-58620000.0,0,0,0,0,18510000.0,7331000.0,0,5836000.0,0,-62342000.0,0,10994000.0
SVACU,2020-09-30,USD,0.0,0.0,0.0,0.0,-200738.0,52801.0,0.0,200738.0,0,0,0,0.0,0,0,0,0,-173512.0,0.0,0,-173512.0,0,-200738.0,0,-173512.0
SVMK,2018-09-30,USD,41992000.0,65205000.0,23213000.0,23213000.0,-94473000.0,84700000.0,51765000.0,136465000.0,0,0,0,7496000.0,0,-67000,4900000,0,-102188000.0,174000.0,0,-102362000.0,-102434000,-94473000.0,0,-102362000.0
SVN,2009-12-31,USD,0.0,45500000.0,36546000.0,36546000.0,3094000.0,0.0,0.0,0.0,0,0,0,2663000.0,0,0,0,0,0.0,851000.0,0,0.0,0,0.0,0,0.0
SWCH,2017-09-30,USD,46945000.0,97689000.0,50744000.0,27854000.0,25451000.0,21494000.0,0.0,60712000.0,0,0,0,8856000.0,0,112000,0,0,16485000.0,0.0,0,32611000.0,0,25451000.0,0,16485000.0
SWTX,2019-09-30,USD,0.0,0.0,0.0,0.0,-15329000.0,4584000.0,10745000.0,15329000.0,0,997000,997000,0.0,0,0,0,0,-16833000.0,0.0,0,-16833000.0,0,-15266000.0,0,-16833000.0
SY,2019-03-31,CNY,169636000.0,206053000.0,36417000.0,36417000.0,37965000.0,100326000.0,31345000.0,131671000.0,0,5451000,14027000,0.0,0,0,0,0,52932000.0,7027000.0,0,45905000.0,0,66959000.0,0,45905000.0
TAM,2013-03-31,USD,0.0,310000000.0,225000000.0,225000000.0,39000000.0,18000000.0,3000000.0,0.0,0,0,0,24000000.0,0,0,0,0,14000000.0,6000000.0,0,0.0,0,0.0,0,8000000.0
TAOM,2011-06-30,USD,0.0,11920000.0,1752000.0,1752000.0,4381000.0,5787000.0,2212000.0,0.0,0,0,0,0.0,0,0,0,0,4851000.0,515000.0,0,0.0,0,0.0,0,4336000.0
TBLTU,2018-09-30,USD,654109.0,3460150.0,2806041.0,2806041.0,-1885993.0,1918613.0,591489.0,2510102.0,0,0,0,7500.0,0,-1152681,31006,0,0.0,0.0,0,0.0,0,-1885993.0,0,-3008675.0
TCMD,2016-06-30,USD,14405000.0,19729000.0,5324000.0,5324000.0,1792000.0,11564000.0,1049000.0,12613000.0,0,0,0,0.0,0,5000,0,0,1797000.0,809000.0,0,988000.0,988000,1792000.0,0,988000.0
TCRR,2019-03-31,USD,0.0,0.0,0.0,0.0,-10775000.0,2886000.0,7889000.0,10775000.0,0,872000,872000,0.0,0,872000,0,0,-9903000.0,0.0,0,-9903000.0,0,-10640000.0,0,-9903000.0
TEAM,2015-12-31,USD,-85402000.0,109706000.0,13123000.0,13123000.0,3367000.0,87844000.0,47846000.0,0.0,0,0,0,49000.0,0,0,0,0,3260000.0,-1431000.0,0,-5082000.0,0,-6521000.0,0,5065000.0
TEA,2011-07-31,USD,0.0,31314000.0,12186000.0,12186000.0,2332000.0,15373000.0,0.0,0.0,0,0,0,742000.0,0,0,0,0,1590000.0,559000.0,0,0.0,0,0.0,0,1031000.0
TENB,2018-06-30,USD,53713000.0,63592000.0,9879000.0,9879000.0,-16445000.0,52367000.0,17791000.0,70158000.0,0,-23000,0,0.0,0,-438000,1400000,0,-16906000.0,244000.0,0,-17150000.0,-17150000,-16445000.0,0,-17150000.0
TEP,2013-03-31,USD,0.0,65688000.0,46622000.0,46622000.0,9676000.0,0.0,0.0,0.0,0,0,0,5564000.0,0,0,0,0,4468000.0,89000.0,0,0.0,0,0.0,0,4468000.0
TFM,2010-10-31,USD,0.0,289439000.0,192095000.0,192095000.0,26782000.0,61645000.0,0.0,0.0,0,0,0,579000.0,0,0,0,0,0.0,15529000.0,0,0.0,0,0.0,0,0.0
THBRU,2019-06-30,USD,0.0,0.0,0.0,0.0,-26355.0,26355.0,0.0,26355.0,0,0,0,0.0,0,0,0,0,-26355.0,0.0,0,-26355.0,0,-26355.0,0,-26355.0
THCAU,2019-06-30,USD,0.0,0.0,0.0,0.0,-29.0,29.0,0.0,29.0,0,0,0,0.0,0,0,0,0,-29.0,0.0,0,-29.0,0,-29.0,0,-29.0
THCBU,2019-03-31,USD,0.0,0.0,0.0,0.0,-70040.0,0.0,0.0,70042.0,0,409539,428680,0.0,0,0,0,0,358640.0,75310.0,0,283325.0,0,787320.0,0,283330.0
THOR,2018-12-31,USD,0.0,0.0,0.0,0.0,-8790000.0,1784000.0,7006000.0,8790000.0,0,0,0,0.0,0,0,0,0,-28162000.0,0.0,0,-28162000.0,0,-8790000.0,0,-28162000.0
TIBRU,2018-03-31,USD,0.0,0.0,0.0,0.0,-12500.0,0.0,0.0,0.0,0,0,0,0.0,0,0,0,0,0.0,0.0,0,0.0,0,0.0,0,-12500.0
TIGR,2019-03-31,USD,17556340.0,19969920.0,2413580.0,2413580.0,-3993230.0,13709650.0,0.0,14210847.0,0,195108,564380,208721.0,0,0,0,0,-3428800.0,-1083313.0,0,-2345489.0,0,-1591830.0,0,-2874270.0
TIG,2020-06-30,USD,0.0,24429000.0,0.0,0.0,0.0,8316000.0,0.0,-40000.0,0,-501000,7000,501000.0,0,0,0,0,4699000.0,979000.0,0,3720000.0,8662000,5200000.0,0,3720000.0
TKAI,2014-09-30,USD,0.0,0.0,0.0,0.0,0.0,4486000.0,2825000.0,0.0,0,0,0,0.0,0,0,0,0,0.0,0.0,0,0.0,0,0.0,0,0.0
TKKSU,2018-09-30,0,0.0,0.0,0.0,0.0,-64359.0,15000.0,0.0,0.0,0,0,0,0.0,0,0,0,0,0.0,0.0,0,0.0,0,0.0,0,371210.0
TLMR,2013-12-31,USD,0.0,0.0,5898000.0,5898000.0,21161000.0,36183000.0,0.0,0.0,0,0,0,0.0,0,0,0,0,6582000.0,0.0,0,0.0,0,0.0,0,12553000.0
TLND,2016-06-30,USD,0.0,25381000.0,6054000.0,6054000.0,0.0,26515000.0,4888000.0,0.0,0,0,0,0.0,0,0,0,0,0.0,58000.0,0,0.0,0,0.0,0,0.0
TLRY,2018-06-30,USD,4177000.0,9744000.0,5567000.0,5567000.0,-10990000.0,14528000.0,639000.0,5423000.0,0,0,0,-497000.0,0,-1435000,0,0,-12770000.0,63000.0,0,-12833000.0,0,-12425000.0,0,-12833000.0
TMCXU,2018-03-31,USD,0.0,0.0,0.0,0.0,0.0,0.0,0.0,0.0,0,0,0,0.0,0,0,0,0,0.0,0.0,0,0.0,0,0.0,0,-814.0
TMDX,2019-03-31,USD,2573000.0,4676000.0,2103000.0,2103000.0,-5962000.0,4653000.0,3882000.0,8535000.0,0,-1093000,0,1093000.0,0,-103000,0,0,-6885000.0,10000.0,0,-6895000.0,-6861000,-5962000.0,0,-6895000.0
TME,2018-12-31,CNY,1836000000.0,5397000000.0,3561000000.0,3561000000.0,213973.77,603951.03,0.0,2871000000.0,0,0,0,-7594.06,0,0,0,0,-432861.35,-41990.68,0,-390870.67,0,-858000000.0,0,-391317.38
TNGO,2011-06-30,USD,0.0,26047000.0,12624000.0,12624000.0,1038000.0,11232000.0,2833000.0,0.0,0,0,0,777000.0,0,0,0,0,0.0,180000.0,0,0.0,0,0.0,0,0.0
TNTR,2017-07-31,USD,19714000.0,34866000.0,15152000.0,15152000.0,-49144000.0,45778000.0,23080000.0,84010000.0,0,0,0,-2798000.0,0,0,0,0,-51529000.0,138000.0,0,-51667000.0,0,-49144000.0,0,-51667000.0
TOTAU,2018-06-30,USD,0.0,0.0,0.0,0.0,-53510.0,53510.0,0.0,0.0,0,0,0,0.0,0,0,0,0,-53500.0,0.0,0,0.0,0,0.0,0,-53500.0
TPIC,2016-06-30,USD,22818000.0,194255000.0,171437000.0,171437000.0,17478000.0,5340000.0,0.0,5340000.0,0,0,0,4134000.0,0,164000,0,0,13508000.0,1953000.0,0,11555000.0,10302000,17478000.0,0,11555000.0
TRHC,2016-09-30,USD,6991000.0,24174000.0,17183000.0,17183000.0,1706000.0,2981000.0,1028000.0,5285000.0,0,0,0,1242000.0,0,-770000,0,0,-306000.0,-164000.0,0,-142000.0,0,1706000.0,0,-142000.0
TRIV,2014-03-31,USD,0.0,7034000.0,3524000.0,3524000.0,0.0,15998000.0,3806000.0,0.0,0,0,0,1689000.0,0,0,0,0,0.0,23000.0,0,0.0,0,0.0,0,0.0
TRVG,2016-12-31,USD,749896000.0,138374000.0,120543000.0,120543000.0,14322000.0,780484000.0,0.0,798614000.0,0,0,0,2000.0,0,0,0,0,8908000.0,5263000.0,0,-51391000.0,0,-44445000.0,0,3806000.0
TUBE,2014-06-30,USD,0.0,28715000.0,8940000.0,8940000.0,1678000.0,17929000.0,4940000.0,0.0,0,0,0,79000.0,0,0,0,0,2176000.0,92000.0,0,0.0,0,0.0,0,2084000.0
TUFN,2019-03-31,USD,18416000.0,22454000.0,4038000.0,4038000.0,-4275000.0,16188000.0,6503000.0,22691000.0,0,40000,40000,-277000.0,0,0,0,0,-4235000.0,213000.0,0,-4448000.0,0,-4458000.0,0,-4448000.0
TUMI,2012-03-31,USD,45405000.0,80021000.0,32075000.0,32075000.0,13276000.0,32061000.0,0.0,32129000.0,0,0,0,517000.0,0,-5861000,0,0,6898000.0,4001000.0,0,2897000.0,0,7415000.0,0,2897000.0
TUSK,2016-09-30,USD,20032243.0,62766219.0,42733976.0,36814032.0,-117996.0,2844802.0,0.0,26070183.0,0,0,0,932749.0,0,-242893,15223767,0,-1293638.0,1055961.0,0,-2349599.0,-2735864,-117996.0,0,-2349599.0
TVPT,2014-09-30,USD,209000000.0,529000000.0,301000000.0,301000000.0,21000000.0,126000000.0,0.0,188000000.0,0,0,0,69000000.0,0,212000000,0,0,166000000.0,11000000.0,0,153000000.0,0,233000000.0,0,154000000.0
TWLO,2016-06-30,USD,36307000.0,64510000.0,28203000.0,28203000.0,-10853000.0,29791000.0,17369000.0,47160000.0,0,0,0,0.0,0,-28000,0,0,-10881000.0,113000.0,0,-10994000.0,-10994000,-10853000.0,0,-10994000.0
TW,2019-03-31,USD,176752000.0,186792000.0,10040000.0,10040000.0,46277000.0,96678000.0,0.0,140515000.0,858000,858000,858000,0.0,0,0,0,33503000,47135000.0,4783000.0,0,42352000.0,43340000,46277000.0,79780000,42352000.0
TXG,2019-09-30,USD,45727000.0,61207000.0,15480000.0,15480000.0,-9096000.0,32614000.0,22209000.0,54823000.0,0,-227000,481000,708000.0,0,-272000,0,0,-9595000.0,8000.0,0,-9603000.0,-9729000,-9096000.0,0,-9603000.0
TXTR,2013-06-30,USD,0.0,9362000.0,2024000.0,2024000.0,0.0,12012000.0,7358000.0,0.0,0,0,0,2025000.0,0,0,0,0,0.0,142000.0,0,0.0,0,0.0,0,0.0
TZACU,2018-08-31,USD,0.0,0.0,0.0,0.0,0.0,2000.0,0.0,0.0,0,0,0,0.0,0,0,0,0,18000.0,0.0,0,0.0,0,0.0,0,18000.0
UBER,2019-03-31,USD,984000000.0,3099000000.0,2115000000.0,2115000000.0,-1034000000.0,1463000000.0,409000000.0,4133000000.0,0,-173000000,17000000,217000000.0,0,26000000,0,0,-993000000.0,19000000.0,0,-1016000000.0,-1070000000,-1034000000.0,0,-1012000000.0
UBX,2018-03-31,USD,-13025000.0,0.0,13025000.0,13025000.0,-16482000.0,3457000.0,13025000.0,16482000.0,0,0,0,-352000.0,0,-37000,0,0,-16167000.0,0.0,0,-16167000.0,0,-16519000.0,0,-16133000.0
UCL,2020-06-30,USD,5487000.0,21026000.0,15539000.0,15539000.0,-41574000.0,33517000.0,13544000.0,-54000.0,0,-91000,15000,106000.0,0,0,0,0,-41611000.0,6000.0,0,-41617000.0,0,-41505000.0,0,-41617000.0
UCP,2013-06-30,USD,0.0,27722000.0,21618000.0,21618000.0,0.0,7364000.0,0.0,0.0,0,0,0,624000.0,0,0,0,0,0.0,0.0,0,0.0,0,0.0,0,0.0
URGN,2017-03-31,USD,500.0,19000.0,3512000.0,3512000.0,-4744500.0,1587500.0,2664000.0,4754000.0,0,0,0,-63500.0,0,0,0,0,-4808000.0,0.0,0,-4808000.0,0,-4744500.0,0,-4808000.0
UXIN,2018-06-30,USD,61023995.2,99832333.53,38808338.33,38808338.33,-196378674.27,245043491.3,12359178.16,0.0,0,0,0,-3713557.29,0,0,0,0,31805488.9,354379.12,0,31451109.78,0,-196378674.27,0,32351829.63
VAPO,2018-09-30,USD,3615000.0,9389000.0,5774000.0,5774000.0,-8729000.0,10559000.0,1768000.0,12344000.0,0,0,0,908000.0,0,-730000,0,570000,-9459000.0,0.0,0,-9459000.0,-9459000,-8729000.0,-8160000,-9459000.0
VA,2014-09-30,USD,0.0,405534000.0,318029000.0,318029000.0,52325000.0,31516000.0,0.0,0.0,0,0,0,10801000.0,0,0,0,0,42320000.0,712000.0,0,0.0,0,0.0,0,41608000.0
VCNX,2018-06-30,USD,-120000.0,126000.0,246000.0,246000.0,-6557000.0,925000.0,5512000.0,6683000.0,0,0,0,-81000.0,0,0,0,0,-6608000.0,0.0,0,-6608000.0,0,-6557000.0,0,-6608000.0
VCTR,2017-12-31,USD,168779000.0,105646000.0,62552000.0,62552000.0,26926000.0,7947000.0,0.0,78720000.0,-2097000,0,0,10308000.0,0,0,0,0,14521000.0,3312000.0,10638000,29490000.0,11370000,26926000.0,0,11209000.0
VEACU,2017-03-31,USD,0.0,0.0,0.0,0.0,-3823.53,3823.53,0.0,0.0,0,0,0,0.0,0,0,0,0,-1018.14,0.0,0,-1018.14,0,0.0,0,-1018.14
VERI,2017-03-31,USD,2912000.0,3108000.0,196000.0,196000.0,-6631000.0,6279000.0,3264000.0,9543000.0,0,0,0,0.0,0,786000,52000,0,-5845000.0,2000.0,0,-5847000.0,-5847000,-6631000.0,0,-5847000.0
VHS,2011-06-30,USD,0.0,1401700000.0,1263300000.0,1263300000.0,55000000.0,21200000.0,0.0,0.0,0,0,0,53300000.0,0,0,0,0,0.0,0.0,0,0.0,0,0.0,0,0.0
VIR,2019-09-30,USD,-38460000.0,1403000.0,39863000.0,39863000.0,-47681000.0,9220000.0,39863000.0,49083000.0,0,2012000,2012000,0.0,0,-2659000,0,0,-48327000.0,-13000.0,0,-48314000.0,-48473000,-47681000.0,0,-48314000.0
VIST,2019-06-30,USD,27423000.0,120361000.0,92938000.0,92938000.0,7181000.0,19840000.0,0.0,113180000.0,0,-7694000,252000,7500000.0,0,0,0,0,2397000.0,-1305000.0,0,3702000.0,0,54171000.0,0,3702000.0
VITC,2009-09-30,USD,0.0,48353000.0,33287000.0,33287000.0,4194000.0,10058000.0,0.0,0.0,0,0,0,219000.0,0,0,0,0,0.0,0.0,0,0.0,0,0.0,0,0.0
VLP,2013-12-31,USD,0.0,33069000.0,9594000.0,9594000.0,17082000.0,2169000.0,0.0,0.0,0,0,0,59000.0,0,0,0,0,17221000.0,0.0,0,0.0,0,0.0,0,17521000.0
VM,2007-09-30,USD,0.0,322825000.0,191806000.0,191806000.0,6871000.0,115529000.0,0.0,0.0,0,0,0,15171000.0,0,0,0,0,0.0,0.0,0,0.0,0,0.0,0,0.0
VNTR,2017-06-30,USD,-148000000.0,562000000.0,454000000.0,454000000.0,22000000.0,57000000.0,0.0,-1232000000.0,0,0,0,10000000.0,0,0,0,0,50000000.0,16000000.0,0,97000000.0,0,183000000.0,0,31000000.0
VSAR,2014-03-31,USD,0.0,0.0,0.0,0.0,-63597000.0,0.0,50742000.0,0.0,0,0,0,863000.0,0,0,0,0,0.0,0.0,0,0.0,0,0.0,0,-98731000.0
VTAE,2014-09-30,USD,6178166.0,6178000.0,7842000.0,7842000.0,-1717501.0,3096399.0,4799000.0,7895667.0,0,0,0,225000.0,0,133438,0,0,-1809418.0,0.0,0,-1809418.0,0,-1584063.0,0,-1809418.0
VTTI,2014-06-30,USD,0.0,73900000.0,22600000.0,22600000.0,27200000.0,6500000.0,0.0,0.0,0,0,0,7500000.0,0,0,0,0,4400000.0,0.0,0,0.0,0,0.0,0,5900000.0
VVV,2016-09-30,USD,194000000.0,494000000.0,300000000.0,291000000.0,118000000.0,92000000.0,13000000.0,1510000000.0,0,0,0,9000000.0,0,0,0,0,109000000.0,44000000.0,0,273000000.0,75000000,118000000.0,0,65000000.0
VWR,2014-09-30,USD,310500000.0,1114400000.0,772600000.0,772600000.0,92600000.0,229000000.0,0.0,217900000.0,0,0,0,44200000.0,0,62400000,0,0,110800000.0,41000000.0,0,69800000.0,0,155000000.0,0,69800000.0
WAAS,2016-09-30,USD,41247000.0,28858000.0,21200000.0,21200000.0,25282000.0,43318000.0,0.0,0.0,0,0,0,2802000.0,0,0,0,0,16824000.0,1275000.0,0,53701000.0,0,54897000.0,0,13944000.0
WCIC,2013-06-30,USD,18094000.0,83337000.0,64698000.0,64698000.0,9541000.0,8553000.0,0.0,8553000.0,0,0,0,729000.0,0,0,0,0,8812000.0,0.0,0,8812000.0,0,9541000.0,0,8906000.0
WIMI,2020-03-31,CNY,26403415.0,85417950.0,0.0,0.0,0.0,8185967.0,0.0,0.0,0,0,0,0.0,0,0,0,0,0.0,490829.0,0,0.0,0,0.0,0,0.0
WMZ,2007-12-31,USD,0.0,0.0,0.0,0.0,0.0,0.0,0.0,0.0,0,0,0,0.0,0,0,0,0,121061000.0,0.0,0,0.0,0,0.0,0,121061000.0
WNRL,2013-09-30,USD,0.0,1670000.0,21876000.0,21876000.0,0.0,1148000.0,0.0,0.0,0,0,0,0.0,0,0,0,0,0.0,0.0,0,0.0,0,0.0,0,0.0
WORK,2019-07-31,USD,113867000.0,144973000.0,31106000.0,31106000.0,-363650000.0,259748000.0,217769000.0,477517000.0,0,4165000,4165000,208000.0,0,0,5800000,0,-360462000.0,-900000.0,0,-359616000.0,-359603000,-363650000.0,0,-359562000.0
WOW,2017-06-30,USD,139600000.0,201700000.0,157900000.0,157900000.0,56300000.0,32500000.0,0.0,83300000.0,0,0,0,44100000.0,0,-1300000,50200000,0,10900000.0,5900000.0,0,5000000.0,0,56300000.0,0,5000000.0
WPT,2013-06-30,USD,20918000.0,20918000.0,6075000.0,6075000.0,9803000.0,7483000.0,0.0,11972000.0,0,0,0,46000.0,0,-70000,0,0,8830000.0,-889000.0,0,9719000.0,0,8876000.0,0,9476000.0
WRD,2016-12-31,USD,108441000.0,39261000.0,7920000.0,7920000.0,6384000.0,1666000.0,0.0,169788000.0,0,0,0,2225000.0,0,0,0,0,-55908000.0,-5775000.0,0,-47076000.0,0,-42446000.0,0,-50133000.0
WSG,2019-06-30,EUR,104404000.0,283802000.0,179398000.0,179398000.0,41723000.0,53699000.0,0.0,78670000.0,0,-15842000,321000,16163000.0,0,0,0,0,25734000.0,1169000.0,0,24565000.0,0,24615000.0,0,23446000.0
WSTC,2013-03-31,USD,0.0,660224000.0,267299000.0,267299000.0,120765000.0,230392000.0,0.0,0.0,0,0,0,72942000.0,0,0,0,0,4888000.0,1833000.0,0,0.0,0,0.0,0,3055000.0
WTTR,2017-03-31,USD,-242000.0,99925000.0,100167000.0,100167000.0,-12508000.0,9957000.0,0.0,12266000.0,0,0,0,730000.0,0,1064000,19600000,446000,-4066000.0,106000.0,0,-12280000.0,-4172000,-12508000.0,-12062000,-4172000.0
WWAV,2012-09-30,USD,0.0,585580000.0,351736000.0,351736000.0,43358000.0,172007000.0,0.0,0.0,0,0,0,2990000.0,0,0,0,0,42271000.0,15979000.0,0,0.0,0,0.0,0,26292000.0
XERS,2018-06-30,USD,819000.0,0.0,0.0,13098000.0,-12357000.0,4499000.0,8677000.0,13176000.0,0,0,0,-562000.0,0,-630000,0,0,-12681000.0,0.0,0,-12681000.0,0,-12357000.0,0,-12987000.0
XNY,2010-12-31,USD,18588000.0,51920000.0,33332000.0,33332000.0,17189000.0,1399000.0,0.0,0.0,0,0,0,0.0,0,0,0,0,17226000.0,2170000.0,0,15056000.0,0,17226000.0,0,15056000.0
XOOM,2013-03-31,USD,16796000.0,24315000.0,7057000.0,7057000.0,330000.0,11632000.0,4834000.0,16466000.0,0,0,0,447000.0,0,40000,0,0,-77000.0,2000.0,0,-79000.0,0,370000.0,0,-79000.0
XPEV,2020-09-30,CNY,91541000.0,1990119000.0,1898578000.0,1898578000.0,-1744184000.0,1203792000.0,635373000.0,3734303000.0,0,19290000,23216000,3926000.0,0,0,0,0,-1148755000.0,6000.0,0,-1148761000.0,0,-1765038000.0,0,-1148761000.0
XP,2019-12-31,BRL,767579000.0,1254672000.0,487093000.0,487093000.0,168393000.0,670138000.0,0.0,-82051000.0,0,-51198000,-21769000,21769000.0,0,0,0,0,547165000.0,156979000.0,0,390186000.0,0,168107000.0,0,381186000.0
XTLY,2015-07-31,USD,0.0,18352000.0,7025000.0,7025000.0,0.0,15551000.0,3852000.0,0.0,0,0,0,1345000.0,0,0,0,0,0.0,17000.0,0,0.0,0,0.0,0,0.0
XUE,2010-09-30,USD,0.0,39003000.0,0.0,0.0,0.0,13615000.0,0.0,0.0,0,0,0,0.0,0,0,0,0,0.0,220000.0,0,0.0,0,0.0,0,0.0
XYF,2018-09-30,CNY,1656234.39,785334000.0,903155.69,903155.69,950683.06,397488000.0,0.0,1608707.03,0,0,0,0.0,0,0,0,0,716869.28,106277.03,0,610592.26,0,950683.06,0,610607.69
YDLE,2014-09-30,USD,0.0,23154000.0,7940000.0,7940000.0,0.0,15210000.0,6225000.0,0.0,0,0,0,184000.0,0,0,0,0,0.0,532000.0,0,0.0,0,0.0,0,0.0
YETI,2018-09-30,USD,97541000.0,196109000.0,98568000.0,98568000.0,28124000.0,69417000.0,10800000.0,69417000.0,0,0,0,7755000.0,0,-214000,0,0,20155000.0,3125000.0,0,17030000.0,17028000,28124000.0,0,17030000.0
YEXT,2017-04-30,USD,27392000.0,37080000.0,9688000.0,9688000.0,-15394000.0,37800000.0,4986000.0,42786000.0,0,-34000,0,88000.0,0,-680000,1000000,0,-16074000.0,32000.0,0,-16106000.0,-15914000,-15394000.0,0,-16106000.0
YIN,2016-03-31,USD,0.0,62488000.0,35346000.0,35346000.0,27142000.0,0.0,0.0,0.0,0,0,0,0.0,0,0,0,0,27142000.0,3730000.0,0,0.0,0,0.0,0,23153000.0
YI,2018-09-30,USD,15555000.0,497624000.0,482069000.0,482069000.0,-18911324.96,144639000.0,2934385.42,816000.0,0,0,0,-40617.86,0,0,0,0,-18403237.78,0.0,0,-18403237.78,0,-128063000.0,0,-18325350.49
YJ,2019-03-31,CNY,654518000.0,3385555000.0,2731037000.0,2731037000.0,168000.0,654350000.0,0.05,3385387000.0,0,14921000,9659000,-0.01,0,0,0,0,20387000.0,2265000.0,0,16862000.0,0,5430000.0,0,14745000.0
YOKU,2010-12-31,USD,0.0,23583000.0,12364000.0,12364000.0,0.0,9206000.0,1562000.0,0.0,0,0,0,385000.0,0,0,0,0,0.0,0.0,0,0.0,0,0.0,0,0.0
YRD,2015-12-31,USD,1172675000.0,71113000.0,51266000.0,51266000.0,19615000.0,782427000.0,0.0,903245000.0,0,0,0,0.0,0,0,0,0,20108000.0,7061000.0,0,261862000.0,0,390018000.0,0,13047000.0
ZCMD,2020-03-31,USD,2810746.0,4231125.0,0.0,0.0,0.0,1668508.0,0.0,0.0,0,0,0,0.0,0,0,0,0,0.0,261240.0,0,0.0,0,0.0,0,0.0
ZLAB,2017-09-30,USD,0.0,0.0,0.0,0.0,-25695518.0,20988377.0,11409406.0,25695518.0,0,0,0,0.0,0,0,0,0,-25192088.0,0.0,0,-25192088.0,0,-25695518.0,0,-25192088.0
ZNTL,2020-03-31,USD,0.0,0.0,0.0,0.0,-16399000.0,3141000.0,13258000.0,16399000.0,0,164000,164000,0.0,0,0,0,0,-16235000.0,0.0,0,-16235000.0,0,-16361000.0,0,-16126000.0
ZPIN,2014-06-30,USD,47797000.0,45973000.0,4107000.0,4107000.0,10777000.0,31089000.0,0.0,0.0,0,0,0,0.0,0,0,0,0,10815000.0,1825000.0,0,9036000.0,0,11100000.0,0,8920000.0
ZSPH,2014-06-30,USD,0.0,0.0,0.0,0.0,-14530000.0,4554000.0,9976000.0,14530000.0,0,0,0,5000.0,0,10000,0,0,-14525000.0,0.0,0,-14525000.0,0,-14520000.0,0,-16428000.0
ZS,2018-04-30,USD,39739000.0,49163000.0,9424000.0,9424000.0,-9024000.0,38856000.0,9907000.0,48763000.0,0,596000,0,-1223000.0,0,610000,0,0,-8414000.0,357000.0,0,-8771000.0,-8771000,-9024000.0,0,-8771000.0
ZS,2018-01-31,USD,36297000.0,44976000.0,8679000.0,6690000.0,-6399000.0,44142000.0,9183000.0,42696000.0,0,213000,0,3886000.0,0,0,0,0,-6158000.0,357000.0,0,9992000.0,-6515000,-6399000.0,0,-6515000.0
ZTO,2016-09-30,USD,0.0,350699000.0,209337000.0,209337000.0,108047000.0,19060000.0,0.0,0.0,0,0,0,560000.0,0,0,0,0,109477000.0,27813000.0,0,0.0,0,0.0,0,81646000.0
ZUO,2018-04-30,USD,25726000.0,51744000.0,26018000.0,26018000.0,-18584000.0,32248000.0,12062000.0,44310000.0,0,0,0,-673000.0,0,-673000,1300000,1953000,-19257000.0,190000.0,0,-19447000.0,-19525000,-18584000.0,-16631000,-19447000.0
ZYME,2017-03-31,USD,-8610000.0,230000.0,14511000.0,14511000.0,-14869000.0,6259000.0,10376000.0,15099000.0,0,0,0,-315000.0,0,0,0,0,-15926000.0,0.0,0,-15926000.0,0,-14869000.0,0,-15926000.0
RUE,2009-10-31,USD,0.0,137110000.0,87539000.0,87539000.0,10016000.0,35135000.0,0.0,0.0,0,0,0,136000.0,0,0,0,0,9880000.0,3902000.0,0,0.0,0,0.0,0,5978000.0
